4597 5696
1245 365 1838 438 CONTRA
1926 315 2682 440 GENTItl-:s
2766 372 3199 440 L'1B011.

555 480 728 578 nis,
776 478 857 560 8<
904 478 1062 581 ejus
1109 479 1308 580 quod
1345 474 1875 571 estadfimm,
1928 478 2161 555 etde.

558 585 737 665 bitae
769 580 1262 685 proportionis·
1286 580 1479 664 inter
1505 593 1924 678 utrumque,
1950 581 2151 679 quod

555 686 798 766 solum
884 681 1367 784 intelligentis
1416 674 1520 758 est
1549 735 1568 757 .
1644 684 1840 760 Cum
1916 680 2147 781 igitur

414 874 425 878 ,
549 793 757 869 Deus
813 786 899 868 fit
943 787 1269 886 primum
1303 806 1524 884 agens
1547 835 1574 878 ‚
1622 807 1777 862 non
1802 783 1962 899 agit
2012 808 2145 965 fier

551 889 1058 973 neceffitatem
1108 905 1383 966 naturae
1398 919 1453 981 ν,
1500 883 1626 966 sed
1674 907 1806 986 per
1858 900 2014 965 mte
2070 910 2143 966 e·

558 993 810 1085 astum,
866 1007 949 1069 et
999 991 1463 1071 voluntatem
1485 1043 1505 1065 .

663 1100 739 1174 6.
796 1097 1154 1173 Praeterea
1189 1149 1210 1170 .
1280 1087 1506 1192 Quod
1581 1113 1711 1188 per
1788 1084 1864 1167 se
1936 1085 2153 1192 agit,

556 1199 758 1298 prius
811 1194 911 1274 est
943 1217 1036 1275 eo
1068 1197 1267 1295 quod
1300 1217 1429 1294 per
1455 1190 1655 1272 aliud
1693 1191 1895 1291 agit:
1924 1215 2155 1272 omne

558 1300 765 1377 enim
820 1299 1021 1398 quod
1052 1296 1171 1376 ‘est
1222 1317 1350 1398 per
1374 1294 1615 1389 aliud,
1670 1295 2037 1374 reducitur
2071 1296 2153 1376 in

555 1402 632 1481 id
684 1402 883 1501 quod
934 1398 1035 1478 est
1088 1423 1217 1499 per
1269 1398 1340 1488 se
1385 1450 1412 1492 ‚
1476 1417 1577 1476 ne
1630 1396 1712 1478 in
1762 1395 2151 1477 infinitum

552 1503 986 1605 procedatur
1012 1555 1030 1578 .
1108 1500 1265 1601 Qui
1316 1513 1572 1580 autem
1640 1498 1779 1579 suae
1833 1497 2146 1581 aelionis

551 1627 707 1683 non
762 1602 863 1682 est
916 1601 1310 1696 dominun
1382 1626 1534 1680 non
1606 1624 1736 1701 per
1791 1600 1861 1680 se
1942 1601 2135 1701 agit:

551 1706 709 1806 agit
761 1707 965 1785 enim
1023 1704 1223 1805 quasi
1277 1705 1373 1782 ab
1425 1703 1577 1781 alio
1627 1699 1878 1783 atium
1913 1756 1942 1798 ‚
1993 1729 2147 1782 non

552 1806 749 1907 quasi
831 1831 958 1908 per
1012 1809 1080 1885 se
1149 1805 1392 1909 ipsum
1474 1828 1740 1903 agens.
1826 1806 2148 1906 Oportet

555 1910 786 2010 igitur
836 1910 1164 2009 primurn
1201 1932 1424 2007 agens
1477 1906 1616 1986 hoc
1649 1904 1875 1986 modo
1916 1911 2144 2007 'agere

553 2013 753 2113 quod
808 2012 914 2090 sui
969 2010 1172 2090 acius
1226 2009 1569 2089 dominus
1620 2005 1745 2086 fit.
1801 2011 1987 2087 Non
2041 2007 2143 2088 est

555 2131 807 2192 autem
858 2112 1127 2213 aliquis
1176 2111 1518 2189 dominus*
1589 2107 1693 2188 sui
1748 2108 1953 2188 aetus
2006 2112 2140 2190 nifi

547 2236 680 2314 per
720 2215 1224 2292 voluntatem.
1256 2217 1577 2312 Oportet
1615 2210 1841 2309 igitur
1867 2214 2145 2308 Deum,

552 2315 681 2416 qui
734 2314 840 2394 -est
896 2314 1221 2415 primum
1274 2339 1495 2413 agens
1520 2367 1546 2406 ‚
1625 2336 1753 2412 per
1804 2309 2138 2393 volunta-

544 2434 705 2534 tem
726 2439 941 2518 ager-e
961 2472 984 2512 ‚
1008 2443 1160 2496 non
1183 2440 1313 2517 per
1331 2429 1596 2493 naturae
1616 2411 2134 2494 neceffitatem.

650 2546 720 2619 7.
780 2517 1083 2598 Adhuc.
1159 2517 1412 2598 Primo
1492 2511 1743 2616 agenti
1830 2516 2136 2596 debetur

544 2621 786 2722 prima
834 2618 1036 2700 affio
1079 2675 1107 2716 ‚
1176 2619 1359 2700 ficut
1410 2635 1484 2697 et
1538 2618 1781 2715 primo
1865 2616 2133 2698 mobili

548 2724 827 2822 primus
880 2739 1124 2801 motus
1150 2777 1168 2798 .
1250 2723 1389 2800 Sed
1442 2720 1868 2798 naturaliter
1939 2719 2137 2800 afflio

546 2824 950 2904 voluntatis
1002 2818 1103 2901 est
1156 2821 1360 2924 prior
1410 2843 1635 2919 quarn
1681 2817 1878 2899 attio
1928 2837 2135 2900 natu·

546 2946 687 3004 rae:
750 2923 932 3004 illud
1007 2923 1213 3002 enim
1263 2921 1691 3001 naturaliter
1764 2918 1963 3021 prius
2037 2918 2141 3001 est

547 3026 751 3127 quod
768 3023 866 3103 est
882 3023 1303 3125 perfectius,
1333 3016 1508 3105 lice't
1561 3026 1666 3123 (a)
1690 3020 1769 3102 in
1807 3048 2137 3126 unoquo-

548 3151 695 3233 que
751 3127 836 3206 fit
891 3144 1222 3228 tempore
1275 3126 1669 3228 posterius.
1725 3124 2127 3211 Affloau-

546 3247 702 3311 tem
753 3229 1036 3330 agentis
1091 3253 1219 3330 per
1286 3230 1749 3309 voluntatem
1818 3229 1918 3307 est
1971 3255 2125 3330 per-

545 3329 842 3410 feffior:
884 3331 1083 3431 quod
1135 3357 1245 3425 ex,
1277 3330 1415 3409 hoc
1467 3347 1667 3431 patet
1719 3331 1917 3430 quod
1967 3354 2123 3431 per-

392 3426 409 3443 '
548 3418 854 3511 fefiiora
908 3434 1072 3512 sunt
1106 3458 1194 3511 ea
1216 3432 1408 3533 apud
1461 3456 1593 3510 nos
1620 3454 1780 3531 quae
1834 3454 1962 3530 per
1995 3456 2120 3512 vo·

543 3535 906 3615 luntatem
960 3552 1241 3634 agunt,
1313 3556 1539 3633 quam
1611 3555 1769 3633 quae
1816 3558 1950 3632 per
2003 3554 2123 3610 na-

543 3654 722 3717 turae
775 3636 1268 3717 neceffitatem
1289 3692 1306 3712 .
1363 3639 1569 3733 Ergo
1597 3638 1808 3729 Dec,
1859 3634 1992 3735 qui
2024 3632 2124 3713 est

394 3780 411 3791 -
545 3739 875 3842 primum
925 3764 1199 3840 agens,
1236 3739 1553 3816 debetur
1593 3734 1790 3817 auio
1817 3761 1976 3838 quae
2030 3734 2131 3817 est

544 3865 677 3943 per
727 3841 1192 3921 voluntatem
1217 3895 1237 3917 .
1903 3883 1910 3890 ·

574 3976 582 3984 ·
652 3946 720 4017 8.
782 3943 1124 4045 Amplius
1152 3997 1171 4019 .
1230 3945 1351 4022 Ex
1400 3937 1542 4021 hoc
1594 3939 1778 4020 item
1830 3955 2129 4041 apparet

596 4044 743 4122 uod
796 4042 926 4122 ubi
978 4044 1452 4143 conjungitur
1519 4060 1824 4142 utraque
1877 4042 2127 4139 actio,

574 4145 870 4243 uperior
917 4144 1019 4224 est
1069 4144 1304 4223 virtus
1375 4169 1535 4244 quae
1587 4146 1745 4245 agit
1813 4168 1945 4244 per
1990 4170 2120 4223 vo·

538 4244 947 4339 luntatem‚
998 4271 1085 4323 ea
1136 4270 1294 4346 quae
1348 4245 1506 4344 agit
1555 4268 1683 4346 per
1732 4262 2120 4343 naturam,

540 4362 618 4425 et
669 4347 901 4424 utitur
953 4371 1041 4426 ea
1093 4345 1290 4448 quast
1345 4346 1869 4428 instrumento:
1943 4369 2121 4427 nam

538 4441 624 4527 ἰι
676 4446 979 4527 homine
1009 4449 1330 4549 superior
1361 4447 1478 4527 -est
1501 4447 1918 4530 intellectus
1934 4449 2119 4566 „qui

493 4548 697 4651 agit
775 4573 904 4649 per
971 4550 1431 4630 voluntatem
1483 4606 1510 4648 ‚
1580 4573 1806 4652 quam
1873 4577 2159 4647 amma.

541 4650 1023 4752 vegetabilis,
1074 4676 1234 4754 quae
1286 4654 1446 4753 agit
1497 4676 1628 4753 per
1674 4672 1951 4749 naturae
2001 4677 2122 4731 ne·

539 4755 935 4835 ceffitatem
961 4810 979 4833 .
1060 4754 1348 4836 Divina
1398 4772 1649 4837 autem
1722 4755 1963 4835 virtus
2017 4753 2117 4835 est

3733 398 3848 462 ¹47

2253 492 2466 573 tem,
2505 498 2664 554 non
2713 497 2846 573 per
2897 485 3169 550 natura:
3226 473 3717 561 neceffitatem
3740 540 3757 560 .
3927 564 3931 569 ,

2359 606 2427 677 9.
2483 579 2715 656 Item.
2772 573 3136 654 Voluntas
3189 573 3412 656 habet
3463 605 3596 679 pro
3632 586 3830 680 obje.

2248 696 2373 763 cto
2426 680 2707 758 bonum
2763 676 3152 759 secundum
3207 678 3571 760 rationem
3624 683 3832 781 b0ni;

2246 798 2506 864 mtura
2577 799 2829 861 autem
2897 804 3050 857 non
3101 779 3406 880 attingit
3472 786 3564 864 ad
3631 810 3833 868 com-

2246 909 2558 966 munem
2608 881 2972 964 rationem
3052 873 3274 974 boni,
3327 882 3465 963 -sed
3541 890 3635 968 ad
3688 887 3833 972 hoc

2247 989 2530 1068 bonum
2578 986 2776 1086 quod
2815 983 2913 1063 est
2950 981 3071 1062 sua
3103 982 3460 1083 perfectio
3494 1046 3512 1064 .
3569 989 3833 1090 Quum

2254 1090 2487 1191 igitur
2520 1112 2745 1168 omne
2765 1109 2988 1187 agens
3012 1102 3183 1187 agat
3212 1086 3605 1172 secundum
3632 1098 3842 1193 quod

2253 1195 2347 1272 ad
2401 1195 2679 1272 bonurn
2733 1188 3098 1283 intendit,
3151 1187 3327 1288 quia
3381 1190 3546 1272 finis
3576 1216 3840 1281 movet

2257 1311 2656 1396 agentem3
2708 1305 3000 1391 oportet
3050 1293 3246 1391 quod
3281 1316 3504 1391 agens
3542 1317 3671 1394 per
3706 1323 3837 1378 vo-

2252 1399 2623 1479 luntatem
2692 1397 2782 1473 ad
2833 1416 3056 1491 agens
3143 1417 3271 1492 per
3341 1398 3831 1482 neceffitatem

2248 1512 2523 1581 natura».
2574 1515 3039 1597 comparetur
3077 1492 3253 1574 ficut
3283 1518 3506 1595 agens
3541 1501 3834 1579 univer-

2249 1603 2395 1683 sale
2445 1602 2538 1681 ad
2586 1623 2810 1699 agens
2861 1596 3295 1698 particulare
3330 1655 3348 1674 .
3407 1604 3661 1700 Agens
3711 1629 3840 1684 au.

2250 1723 2410 1784 tem
2461 1699 2897 1804 particulare
2951 1698 3022 1776 se
3075 1697 3295 1777 habet
3342 1700 3435 1778 ad
3487 1721 3712 1801 agens
3751 1732 3838 1787 u.

2247 1804 2607 1886 niversale
2661 1801 2840 1882 sicut
2887 1825 2976 1880 ea
3025 1820 3187 1901 quae
3236 1800 3588 1903 posterius
3642 1805 3846 1904 sunt,

2248 1927 2325 1988 et
2364 1907 2545 1988 ficut
2567 1903 2721 2001 ejus
2752 1901 3313 1983 instrumentum
3335 1959 3353 1980 .
3385 1906 3594 2008 Ergo
3621 1931 3836 2007 opor..

2249 2026 2356 2090 tet
2408 2006 2610 2111 quod
2657 2006 2988 2106 primum
3055 2027 3287 2104 ‚agens
3356 2004 3442 2085 fit
3496 2007 3835 2089 volunta-

2246 2113 2442 2191 rium
2464 2163 2491 2205 ‚
2543 2125 2619 2188 et
2669 2132 2823 2186 non
2899 2129 3032 2208 per
3080 2106 3573 2190 neceffitatem
3624 2129 3831 2197 natu-

2246 2237 2340 2293 rae
2394 2234 2617 2311 agens
2638 2264 2656 2286 .
3723 2247 3732 2252 -

2346 2317 2563 2394 Hanc
2615 2308 2844 2389 etiam
2894 2304 3289 2389 veritatem
3327 2306 3585 2392 divina
3639 2313 3833 2396 Scri-

2239 2430 2454 2516 ptura
2503 2435 2638 2493 nos
2690 2414 2925 2491 docet:
2951 2412 3221 2492 dicitur
3272 2415 3476 2492 enim
3528 2417 3609 2494 in
3640 2418 3823 2498 Psal.

2237 2543 2546 2596 cxxxrv.
2604 2521 2673 2594 6.
2730 2514 3001 2592 Omnia
3051 2539 3513 2615 quaecumque
3543 2519 3838 2616 voluit„

2242 2610 2890 2712 Dominus‚fi;’cit:
2942 2633 3020 2695 et
3075 2617 3337 2715 Ephes.
3403 2645 3460 2694 1.
3493 2640 3604 2694 11.
3663 2622 3834 2724 Qu&

2240 2737 2584 2820 operatur
2652 2712 2910 2796 omnia
2954 2716 3366 2812 secundum
3440 2715 3825 2818 confilium

2238 2818 2663 2900 voluntatis
2697 2816 2894 2913 suae.
2955 2820 3072 2911 ,Et
3126 2818 3458 2900 Hilarius
3511 2822 3594 2919 isl
3649 2821 3821 2904 Lib.

2240 2922 2342 3003 de·
2384 2919 2652 3029 Synod.
2706 2918 2966 3018 (artic.
3003 2920 3174 3019 24.)
3227 2923 3578 3004 Omnibus
3630 2952 3832 3006 ma·

2239 3025 2433 3107 turis
2462 3024 2538 3121 s
2519 3054 2561 3103 u
2570 3015 2966 3125 bstantiam
3016 3020 3372 3107 voluntas
3418 3026 3573 3109 Dei
3627 3048 3834 3108 attu-

2231 3127 2369 3207 lit:
2425 3146 2500 3210 et
2554 3126 2794 3208 infra:
2853 3121 3088 3208 Talia
3111 3127 3313 3209 enim
3347 3126 3607 3209 cuneta
3628 3156 3874 3213 crea--

2228 3255 2314 3311 ta
2323 3228 2516 3328 sunt·
2534 3286 2562 3327 ‚
2615 3226 2870 3332 qualia
2890 3255 2978 3309 ea
2995 3234 3208 3313 Deus
3248 3224 3501 3327 fdeere
3533 3228 3810 3312 votuit.

2331 3334 2468 3412 Per
2520 3333 2660 3411 hoc
2713 3326 2941 3409 etiam
2967 3351 3390 3412 removetur
3409 3351 3610 3413 error
3631 3358 3810 3431 quo·

2226 3433 2563 3512 rumdam
2601 3429 3213 3532 Philosophorum
3230 3485 3259 3527 ‚
3279 3433 3407 3533 qui
3437 3433 3812 3530 dicebant,

2228 3537 2478 3613 Deum
2529 3549 2747 3633 agere
2799 3553 2928 3631 per
2979 3550 3254 3614 naturae
3287 3534 3809 3615 neceffitatem.

2473 3634 2527 3696 C
2610 3636 2672 3699 A
2765 3630 2814 3695 P
2903 3631 2961 3697 U
3047 3634 3109 3696 T
3234 3636 3484 3699 XXIV.

2365 3716 2549 3801 'Quod
2586 3719 2741 3780 Deus
2776 3729 2875 3798 per
2906 3714 3078 3796 suam
3105 3710 3457 3796 sapientiam
3496 3710 3621 3799 agit
3646 3757 3667 3779 .

2402 3842 2469 3920 X
2524 3840 2665 3920 hoc
2719 3854 2969 3921 autem
3022 3855 3323 3941 apparet
3373 3839 3572 3941 'quod
3604 3841 3811 3924 Deus

2443 3943 2749 4023 effectus
2803 3944 2967 4025 suos
3019 3943 3354 4044 producit
3406 3944 3804 4027 secundum

2232 4043 2434 4122 fuam
2490 4040 2963 4145 sapientiam.
3515 4116 3520 4121 .
3655 4090 3676 4103 ·

2338 4170 2399 4226 1.
2455 4146 2821 4226 Voluntas
2874 4139 3078 4225 enim
3129 4144 3220 4225 ad
3269 4143 3640 4247 agendum
3712 4160 3807 4231 ex

2220 4243 2470 4349 aliqua
2519 4246 3086 4349 apprehensione
3109 4268 3489 4328 movetur:
3522 4249 3806 4334 bonum

2223 4349 2432 4428 enim
2455 4350 3016 4453 apprehensum
3084 4342 3187 4430 est
3221 4350 3616 4449 objectum
3667 4381 3798 4436 vo·

2221 4449 2524 4533 luntatis
2559 4512 2579 4530 .
2657 4455 2858 4534 Deus
2909 4469 3161 4532 autem
3230 4451 3332 4533 est
3401 4476 3626 4554 agens
3675 4481 3820 4558 per

2227 4554 2691 4636 voluntatem
2725 4611 2756 4654 ‚
2830 4575 2913 4638 ut
2981 4554 3346 4637 ostensum
3415 4555 3517 4636 est
3566 4559 3598 4657 (
3647 4584 3735 4639 ca
3786 4616 3806 4635 .

2223 4659 2546 4755 xxm.)
2591 4661 2861 4759 Quum
2917 4656 3144 4760 igitur
3194 4655 3276 4740 in
3308 4661 3475 4741 Deo
3525 4686 3678 4743 non
3745 4679 3804 4742 rt

2220 4758 2355 4837 nifi
2403 4759 2925 4843 intelle—‚omaus
2975 4762 3449 4865 apprehensro
3480 4817 3509 4859 ‚
3576 4762 3802 4846 nihil-

540 4857 893 4958 suprema.
926 4855 1006 4937 in
1058 4857 1405 4939 omnibus
1457 4858 1748 4938 entibus
1784 4915 1803 4935 .
1872 4860 2117 4959 Igitur
2212 4885 2357 4963 que
2428 4858 2799 4966 intelligat
2873 4864 3030 4947 nist<
3085 4866 3571 4967 intelligendo
3657 4867 3732 4946 se
3763 4916 3798 4962 ,

540 4959 689 5061 ipla
744 4960 900 5063 agit
970 4960 1050 5040 in
1103 4986 1217 5042 res
1264 4986 1525 5043 omnes
1581 4983 1728 5066 per
1778 4958 2109 5046 volunta·
2214 4989 2439 5069 quem
2491 4962 2903 5077 intelligere
2972 4964 3072 5049 est
3143 4970 3548 5072 sapientem
3601 4965 3786 5063 effe3

3029 5074 3109 5151 T
3214 5099 3256 5148 2
3667 5089 3772 5144 re-

546 5203 853 5223 fi-——ffl
1280 5212 1467 5225 —n-n-

595 5230 683 5287 (ὃ)
722 5244 790 5277 an
827 5228 1168 5297 quandoque,
1206 5233 1292 5280 vel
1326 5228 1467 5298 aliqu

1472 5213 1655 5285 1533?

3101 5168 3356 5197 Μ

2767 5205 3352 5227 ...Ι-Μ’Ν--σ--ο-οιυ
3366 5159 3766 5226 a
