4597 5696
689 2001 1019 2221 D.
1380 2000 1606 2223 T
1872 2002 2122 2222 H
2388 1942 2628 2222 0
2893 1999 3184 2220 M
3451 1988 3911 2219 ΑΕ·

1083 2292 3519 2542 AQUINATIS

847 2559 2259 2699 DOCTORIS
2388 2484 3729 2699 ANGELICI

767 2794 1009 2917 DE
1085 2796 1998 2925 VERITATE
2078 2791 3245 2922 CATl-IOLICAE
3322 2790 3822 2918 FIDEI

1199 3044 2096 3132 CONTRA
2251 3024 3403 3127 GENTILES

948 3232 1996 3370 LIBER
2201 3233 3648 3375 PRIMUS*

1077 3488 1136 3550 R
1317 3489 1441 3555 OE
1499 3491 1581 3554 M
1639 3492 1669 3555 Ι
1736 3492 1793 3555 U
1855 3488 1935 3553 M
1964 3529 1991 3558 ο
2357 3515 2403 3570 a
2454 3487 2892 3589 Philosopho
2976 3488 3269 3589 ponitur
3341 3488 3378 3588 (
3428 3493 3505 3569 in
3590 3499 3903 3589 prooeml

1044 3605 1101 3669 C
1336 3608 1382 3670 Ρ
1468 3613 1525 3673 u
1613 3611 1674 3671 T
1840 3614 1898 3677 1.
2361 3590 2697 3690 Metaph.
2750 3615 2905 3690 cap.
2953 3617 3060 3668 11.
3115 3592 3409 3692 )quod
3438 3592 3773 3693 sapientis
3797 3592 3929 3672 est·

1025 3729 1204 3815 ,Quod
1235 3730 1310 3807 fit
1351 3729 1591 3808 officium
1623 3732 1938 3815 Sapientis.
2356 3694 2733 3771 ordinare.
2790 3692 3157 3770 Omnium
3209 3712 3456 3772 autem
3499 3696 3901 3793 gubernan-

2358 3795 2676 3888 dorum,
2740 3793 2812 3869 8<
2881 3793 3447 3871 ordinandorum
3516 3797 3608 3875 ad
3672 3793 3900 3875 finem

1131 3889 1496 3973 Eritatem
1546 3888 2019 3972 meditabittir
2097 3907 2252 3993 gut·
2355 3893 2958 3994 gubernationis,
3024 3894 3097 3971 8(
3148 3895 3487 3989 ordinis,
3563 3896 3901 3995 regulam

1165 4008 1283 4069 tur
1333 4018 1649 4089 meum,
1719 3994 1793 4072 8<
1846 3994 2038 4071 labia
2090 4019 2253 4071 mea
2355 4022 2446 4074 ex
2499 3994 2641 4073 fine
2698 3994 2882 4071 sumi
2934 3996 3207 4073 necesse
3259 3994 3414 4072 est:
3471 4014 3644 4075 tunc
3696 4000 3898 4076 enim

1163 4092 1730 4172 detestabuntur
1712 4120 2061 4195 impium
2083 4105 2249 4172 Proe
2348 4118 2791 4195 unaquaeque
2843 4119 2953 4172 res
2982 4096 3261 4193 optime
3308 4096 3709 4209 disponitur
3726 4125 3903 4179 cum

1159 4196 1362 4271 verb.
1412 4221 1637 4271 vtu.
1693 4223 1760 4288 7.
2348 4198 2441 4273 ad
2494 4198 2698 4273 {uum
2768 4192 2994 4271 finem
3045 4196 3566 4277 convenienter
3615 4201 3902 4279 ordina-

1251 4295 1759 4373 Multitudinis
1795 4296 1956 4374 usus
1977 4322 2247 4397 ‚quem
2354 4317 2509 4375 tur.
2568 4295 2772 4375 Finis
2796 4296 2997 4372 enim
3051 4296 3600 4411 uniuscuiusque
3653 4300 3899 4380 estbo·

704 4393 783 4473 in
837 4397 1045 4473 rebus
1095 4396 1556 4473 nominandis
1596 4397 2033 4495 sequendum
2083 4397 2253 4477 Phi·
2353 4423 2572 4475 num.
2628 4398 2845 4473 Unde
2882 4397 3214 4475 videmus
3266 4423 3345 4474 m
3383 4402 3656 4495 artibus
3676 4427 3899 4480 unam

704 4494 1042 4594 losophus
1092 4498 1332 4575 censet
1416 4497 1558 4593 (11.
1615 4498 1877 4597 Topic.
1929 4522 2082 4595 cap.
2148 4498 2253 4596 1.)
2355 4498 2647 4576 alterius
2698 4500 2835 4573 esse
2887 4497 3321 4596 gubernativ
3322 4525 3508 4597 am,
3576 4505 3647 4581 8<
3699 4502 3899 4617 quasi

703 4598 1197 4676 communiter
1245 4598 1605 4690 obtinuit,
1623 4613 1707 4677 ut
1753 4598 2103 4695 sapientes
2154 4600 2256 4676 di·
2359 4599 2840 4716 principem,
2919 4599 3011 4675 ad
3078 4624 3302 4699 quam
3369 4604 3684 4701 pertinet
3751 4602 3903 4702 ejus

607 4766 619 4780 .
705 4717 960 4776 cantur
1012 4698 1139 4798 qui
1214 4721 1325 4775 res
1390 4653 1664 4776 direfiie
1715 4701 2113 4796 ordinant,
2183 4700 2257 4778 &
2358 4700 2568 4792 finis·
2623 4698 2828 4777 ficut
2846 4701 3301 4780 medicinalis
3337 4729 3447 4782 ars
3500 4705 3902 4803 pigmenta

703 4821 825 4875 eas
879 4800 1064 4875 bene
1100 4800 1545 4898 gubernant.
1600 4802 1818 4877 Unde
1872 4802 2061 4879 inter
2111 4800 2253 4878 alia
2357 4802 2475 4879 riae
2504 4799 2989 4900 principatur,
3023 4802 3095 4880 8<
3145 4829 3306 4879 eam
3360 4806 3687 4898 ordinat,
3742 4830 3899 4903 pro·

710 4923 865 5001 quae
920 4899 1252 4978 homines
1304 4901 1393 4977 de
1448 4897 1762 4997 sapiente
1804 4901 2255 5002 concipiunt,
2356 4923 2515 5004 pter
2569 4903 2704 4981 hoc
2741 4904 2935 5003 quod
2965 4903 3249 4996 sanitas,
3269 4904 3458 4983 circa
3494 4930 3711 5004 quam
3746 4927 3898 4999 me·

772 5008 878 5078 ..S
885 4999 1025 5080 Tb.
1031 5026 1281 5084 contra
1318 5009 1535 5081 Gent.
1545 5007 1754 5079 Tom.
1762 5010 1816 5080 I.
3175 5013 3251 5083 A
3779 4991 3887 5079 di-
