4597 5696
728 370 811 434 4²

754 467 851 548 xl.
897 473 1002 544 18.
1027 466 1166 545 Cui
1187 494 1356 580 ergo
1390 465 1722 566 similem
1735 465 2019 567 fecistis
2051 478 2322 563 Deum,

738 578 893 647 'aut
944 595 1167 663 quam
1223 566 1631 666 tmagincm
1676 568 1971 668 ponetis
2022 567 2092 649 ei
2128 576 2173 644 ?
2248 587 2324 648 et

763 671 845 748 in
897 667 998 746 Ps.
1052 666 1265 746 lxxxr
1287 692 1348 744 1.
1416 694 1474 743 1.
1530 677 1732 749 Deus
1771 724 1799 766 ,
1851 669 2011 768 quis
2046 665 2326 772 similis

768 768 915 848 erit
936 806 941 809 Δ
964 766 1106 846 tibi
1156 770 1183 843 ?
1275 779 1389 848 Ne
1441 790 1678 849 taceas
1699 824 1726 866 ‚
1778 797 2009 870 neque
2058 789 2328 870 comp&-

754 867 992 968 scaris
1017 924 1045 962 ‚
1097 876 1299 952 Deus
1322 926 1340 946 .

882 972 1083 1048 Huic
1136 976 1383 1048 autem
1414 968 1686 1047 rationi
1740 968 2137 1073 Dionysius
2166 995 2335 1050 con-

778 1072 1067 1162 cordat,
1120 1071 1250 1170 qui
1307 1097 1413 1148 ιχ.
1464 1070 1680 1170 capit.
1733 1072 1822 1149 de
1869 1071 2141 1149 divinis
2177 1075 2336 1149 No·

776 1164 1107 1248 minibus
1180 1172 1419 1249 dicit:
1503 1171 1786 1247 Eadem
1822 1170 2340 1271 fimiliasunt

776 1277 939 1348 Deo
970 1325 997 1363 ‚
1050 1272 1149 1348 <9-
1205 1269 1628 1364 diffimilia.
1684 1271 1985 1349 similia
2038 1272 2335 1369 quidem

760 1366 1177 1464 secundum
1234 1370 1729 1453 imitationem
1763 1369 1962 1473 ejus,
2019 1373 2145 1469 qui
2197 1398 2342 1447 non

784 1465 888 1579 est
929 1465 1259 1567 perfeble
1363 1468 1749 1547 imitabilis
1789 1525 1816 1565 ‚
1889 1472 2178 1569 qualem
2258 1472 2339 1549 in

776 1595 889 1646 ets
932 1566 1080 1669 >effe
1151 1569 1520 1666 contingit
1561 1594 1584 1657 ς
1662 1570 2040 1665 diffimilia
2089 1595 2336 1649 autem

764 1667 1174 1763 secundum
1222 1672 1412 1767 quod
1431 1670 1727 1762 causata
1776 1673 2040 1750 babent
2091 1673 2337 1749 minus

760 1764 929 1863 suis
979 1765 1202 1866 causts
1247 1827 1268 1847 .
1360 1773 1772 1848 Secundum
1846 1789 2092 1848 tamen
2149 1776 2336 1850 hanc

772 1864 1323 1947 similitudinem
1417 1872 1971 1950 convenientius
2008 1873 2338 1953 *dicitur

776 1971 949 2047 Deo
997 1987 1323 2047 creatura
1380 1971 1632 2048 similis
1686 1996 1910 2068 quam
1963 1997 2005 2047 e
2032 1998 2330 2050 conver-

768 2066 851 2147 so
886 2125 905 2142 .
977 2069 1236 2146 Simile
1291 2070 1493 2145 enim
1548 2070 1766 2146 alicui
1821 2072 2085 2148 dicitur
2135 2074 2332 2169 quod

768 2164 923 2257 eius
958 2168 1261 2263 posfidet
1287 2170 1717 2267 qualitatem
1742 2223 1767 2261 ‚
1818 2171 1937 2246 vel
1993 2169 2331 2245 formam.

722 2344 725 2347 .
774 2264 980 2363 Quia
1062 2266 1285 2365 igitur
1355 2268 1429 2344 id
1479 2269 1676 2366 quod
1754 2268 1832 2344 in
1888 2274 2052 2345 Deo
2105 2266 2327 2366 perfe-

769 2381 888 2442 cte
947 2365 1049 2443 est
1073 2419 1100 2460 ‚
1154 2368 1233 2444 in
1286 2370 1496 2444 rebus
1546 2366 1709 2446 aliis
1762 2393 1888 2467 per
1940 2369 2334 2466 quamdam

772 2464 913 2542 defi
924 2466 1247 2545 cientem
1274 2468 1909 2567 participationem
1938 2468 2335 2561 invenitur,

770 2564 958 2643 illud
1010 2566 1398 2645 secundum
1434 2570 1631 2668 quod
1656 2568 2051 2646 similitudo
2100 2585 2336 2646 atten-

775 2665 970 2744 ditur
1011 2721 1038 2762 ‚
1108 2668 1253 2747 Dei
1326 2669 1625 2768 quidem
1695 2669 2122 2768 simpliciter
2185 2669 2334 2765 est,

769 2791 928 2843 non
970 2785 1231 2846 autem
1281 2788 1676 2864 creaturam,
1728 2786 1803 2847 et
1852 2771 1958 2847 sic
2007 2785 2336 2848 creatura

772 2867 1003 2945 habet
1069 2870 1266 2965 quod
1343 2871 1487 2946 Dei
1539 2870 1642 2948 est
1686 2926 1711 2964 ‚
1784 2872 1972 2946 unde
2039 2888 2113 2947 et
2170 2875 2334 2948 Deo

775 2982 974 3043 recte
1022 2967 1291 3045 similis
1341 2970 1639 3046 dicitur.
1697 2973 1878 3046 Non
1928 2985 2175 3047 autem
2224 2971 2374 3047 sic·

771 3063 1004 3163 potest
1074 3066 1225 3142 dici
1283 3069 1528 3143 Deum
1581 3069 1844 3144 habere
1895 3072 2092 3166 quod
2140 3094 2329 3146 crea·

766 3181 946 3242 turae
999 3164 1100 3241 est
1153 3193 1169 3236 ε
1226 3167 1418 3244 unde
1469 3192 1604 3245 nec
1656 3168 2176 3245 convenienter
2226 3170 2326 3246 di·

754 3263 1012 3359 citur,
1069 3270 1314 3342 Deum
1371 3285 1709 3344 creaturae
1762 3266 2085 3345 similem
2139 3272 2324 3362 effe,

762 3364 968 3442 sicut
1018 3389 1155 3442 nec
1208 3366 1591 3442 hominem
1627 3367 1937 3444 dicimus
1972 3367 2106 3443 suae
2151 3369 2327 3444 ima·

769 3463 933 3562 gini
1009 3462 1165 3541 fore
1236 3465 1559 3543 similem
1599 3520 1624 3560 ‚
1696 3466 1818 3543 cui
1891 3484 2136 3544 tamen
2208 3468 2327 3544 sua

768 3565 1020 3662 imago
1073 3583 1266 3642 recte
1313 3568 1578 3645 similis
1616 3567 2067 3644 enuntiatur.
2123 3569 2324 3644 Mul-

768 3681 852 3764 to
906 3668 1133 3763 igitur
1202 3668 1426 3743 etiam
1498 3668 1743 3743 minus
1818 3668 2102 3764 proprie
2154 3667 2326 3743 dici-

762 3781 943 3856 tur,
994 3767 1191 3862 quod
1247 3770 1446 3842 Deus
1498 3782 1835 3851 creaturae
1888 3764 2330 3840 affimiletur.

762 3865 991 3940 Nam
1046 3864 1463 3941 assimilatio
1514 3882 1802 3940 motum
1854 3864 1943 3939 ad
1992 3862 2329 3940 similitu·

761 3962 1030 4040 dinem
1085 3963 1307 4057 dicit,
1358 3979 1432 4040 et
1482 3964 1586 4040 sic
1620 3963 1976 4076 competit
2025 3963 2095 4038 ei
2113 3963 2326 4077 ‘quod

610 4137 625 4151 x
761 4062 858 4141 ab
925 4062 1080 4139 alio
1129 4063 1401 4162 accipit
1432 4118 1459 4160 ‚
1510 4065 1703 4141 unde
1753 4061 1997 4138 simile
2067 4087 2137 4138 ei
2186 4062 2325 4139 sit:

761 4178 1101 4239 creatura
1156 4181 1401 4242 autem
1454 4163 1723 4262 accipit
1777 4187 1820 4238 a
1876 4166 2083 4255 Deo,
2135 4164 2327 4238 unde

765 4261 833 4338 ei
892 4261 991 4339 sit
1043 4264 1307 4342 similis
1343 4318 1369 4355 ‚
1439 4290 1590 4342 non
1640 4280 1886 4340 autem
1939 4287 1980 4338 e
2031 4265 2328 4340 conver-

764 4360 843 4439 ἃ)
893 4416 912 4435 .
999 4367 1183 4440 Non
1253 4364 1480 4462 igitur
1532 4370 1730 4444 Deus
1782 4381 2122 4441 creaturae
2173 4361 2327 4439 affi-

759 4460 1130 4556 milatur·‚
1184 4463 1303 4540 sed
1352 4466 1591 4560 magis
1641 4489 1685 4539 e
1724 4463 2109 4541 converso.

960 4597 2039 4664 ‘CAPUTxxx.

934 4681 1083 4836 {ue
1125 4683 1349 4739 nomina
1387 4680 1454 4739 de
1497 4683 1616 4740 Deo
1649 4681 1940 4759 predicari
1975 4681 2199 4764 poffint.

1074 4758 1186 4836 his
1255 4761 1481 4836 etiam
1548 4759 1979 4835 considerari
2053 4757 2326 4872 potest,

997 4858 1175 4959 quid
1222 4860 1313 4941 de
1365 4862 1534 4938 Deo
1582 4858 1729 4938 dici
1764 4910 1793 4957 ‚
1843 4859 1964 4936 vel
2015 4884 2168 4937 non
2220 4861 2326 4937 dr*

960 5101 973 5110 -ι

1409 354 1546 420 DE
1611 354 2189 425 VERITATE
2244 357 2967 433 cATHochE
3029 297 3343 436 riuti

2423 469 2495 546 ei
2547 468 2804 566 poflit,
2845 469 3115 568 quidve
3166 473 3257 550 de
3307 496 3398 551 eo
3447 483 3736 553 tantum
3789 473 3988 551 dica«-

2425 585 2543 646 tur
2590 621 2614 662 ,
2681 569 2862 667 quid
2912 571 3138 649 etiam
3188 573 3280 651 de
3334 577 3505 652 Deo
3547 574 3769 651 simul
3821 627 3858 669 .‚
3908 587 3986 650 et

2425 665 2591 745 aliis
2644 670 2853 747 rebus
2879 726 2899 745 .

2533 768 2734 867 Quia
2801 770 3004 847 enim
3071 778 3377 851 omnem
3460 772 3983 872 perfectionem

2427 886 2765 945 creaturae
2851 870 2950 946 est
3024 872 3102 949 in
3191 877 3358 950 Deo
3410 874 3740 951 invenire
3781 928 3807 967 ‚
3853 871 3985 949 ⁴sed

2437 990 2565 1066 per
2645 968 2875 1046 alium
2975 974 3282 1048 modum
3372 973 3982 1065 eminentiorem,

2436 1091 2913 1169 quaecumque
2980 1073 3284 1149 nomina
3366 1074 3694 1152 absolute
3760 1070 3987 1170 perfe-

2438 1170 2763 1245 ctionem
2816 1171 3084 1270 absque
3134 1171 3416 1250 defectu
3470 1174 3876 1271 designant,
3892 1172 3989 1248 de

2439 1271 2608 1345 Deo
2657 1272 3131 1366 pradicantur
3169 1326 3195 1367 ‚
3247 1290 3325 1351 et
3373 1274 3537 1351 aliis
3588 1274 3842 1366 rebus,
3892 1272 3987 1348 si-

2442 1387 2566 1446 out
2616 1364 2716 1445 est
2769 1371 3124 1466 bonitas,
3206 1372 3553 1471 sapientia
3592 1426 3619 1468 ‚
3670 1374 3858 1465 esse,
3911 1386 3988 1448 et

2441 1468 2587 1544 alia
2639 1469 3097 1565 hujusmodi3
3150 1496 3594 1572 quaecunque
3643 1496 3824 1549 vero
3862 1497 3991 1549 no-

2438 1568 2644 1645 mina
2723 1568 3133 1667 hujusmodi
3220 1570 3741 1671 perfectionem
3808 1571 3991 1649 desiv-

2437 1687 2666 1766 gnant
2719 1695 2891 1748 cum
2943 1674 3170 1750 modo
3236 1674 3533 1771 proprio
3600 1671 3944 1749 creamris
3963 1714 3993 1766 ,

2437 1770 2526 1845 de
2585 1773 2752 1848 Deo
2802 1771 2946 1849 dici
2999 1797 3152 1848 non
3201 1775 3489 1870 possunt
3528 1773 3669 1851 nisi
3722 1795 3850 1871 per
3898 1771 3990 1848 si·

2436 1870 2932 1949 militudinem
2970 1925 2996 1966 ‚
3073 1888 3150 1949 et
3213 1874 3716 1971 metaphoram
3766 1925 3792 1966 ,
3861 1893 3991 1970 per

2431 1995 2651 2068 quam
2705 1997 2861 2069 quae
2919 1971 3079 2049 sunt
3128 1973 3342 2051 unius
3393 1974 3498 2052 rei
3546 2027 3571 2065 ‚
3622 1971 3833 2049 alteri
3886 1970 3992 2049 so-

2434 2071 2586 2149 lent
2651 2071 3035 2168 adaptari3
3145 2071 3334 2148 sicut
3429 2072 3692 2168 aliquis
3763 2072 3991 2149 homo

2434 2172 2699 2247 dicitur
2749 2168 2932 2265 lapis
2961 2221 2986 2260 ‚
3039 2187 3330 2265 propter
3380 2170 3725 2246 duritiem
3778 2170 3988 2245 intel·

2434 2269 2659 2346 lectus
2687 2324 2706 2340 .
2764 2266 3198 2357 Huiusmodi
3239 2285 3485 2345 autem
3524 2268 3684 2345 sunt
3733 2268 3988 2344 omnia

2436 2368 2738 2445 nomina
2773 2367 3118 2469 imposita
3155 2369 3244 2444 ad
3288 2369 3811 2465 designandam
3836 2368 3985 2466 spe-

2434 2468 2627 2545 ciem
2679 2467 2784 2542 rei
2837 2483 3089 2545 creatae
3121 2522 3146 2560 ‚
3195 2468 3384 2546 sicut
3438 2469 3710 2560 horim,
3761 2484 3836 2544 et
3885 2468 3986 2543 la·

2435 2570 2588 2667 pis:
2634 2592 2806 2643 nam
2851 2567 3156 2645 cuilibet
3194 2567 3451 2667 speciei
3504 2569 3803 2644 debetur
3827 2591 3991 2666 pro-

2436 2669 2632 2769 prius
2718 2668 2976 2745 modus
3046 2667 3509 2767 perfectionis
3549 2721 3574 2759 ‚
3645 2686 3722 2744 et
3806 2668 3985 2743 effe.

2437 2768 2790 2846 Similiter
2842 2769 3068 2844 etiam
3135 2791 3610 2868 quaecumque
3679 2768 3986 2844 nomina

2435 2870 2902 2969 proprietates
2954 2893 3196 2945 rerum
3242 2869 3634 2964 designant
3683 2892 3840 2966 quae
3894 2889 3986 2945 ex

2434 2971 2742 3069 propriis
2814 2968 3189 3067 principiis
3245 2969 3644 3068 specierum
3697 2966 3988 3043 causan-

2431 3088 2549 3148 tur
2583 3123 2609 3164 ,
2691 3070 2783 3144 de
2858 3073 3020 3146 Deo
3070 3069 3214 3146 dici
3287 3095 3437 3145 non
3509 3069 3796 3168 possunt
3847 3065 3985 3156 nifi

2431 3168 2995 3266 metaphorice3
3063 3194 3220 3268 quae
3319 3192 3495 3246 vero
3571 3165 3985 3264 hujusmodi

2431 3266 2912 3368 perfectiones
2977 3269 3395 3367 exprimunt
3478 3293 3652 3344 cum
3707 3266 3985 3364 supere·

2429 3368 2854 3446 minentiori
2908 3372 3131 3445 modo
3169 3422 3197 3461 ‚
3264 3394 3414 3466 quo
3489 3372 3658 3443 Deo
3723 3390 3988 3443 conve·

2427 3470 2640 3546 niunt
2680 3522 2705 3562 ‚
2782 3469 2869 3544 de
2925 3468 3077 3544 solo
3132 3473 3297 3543 Deo
3346 3467 3685 3542 dicuntur
3727 3516 3754 3556 ‚
3810 3466 3986 3541 sicut

2427 3570 2796 3644 'summum
2877 3569 3166 3642 bonum.
3193 3619 3213 3650 ‚
3285 3565 3608 3661 primum
3660 3586 3788 3638 ens
3828 3615 3853 3653 ‚
3908 3564 3982 3639 8<

2428 3669 2570 3744 alia
2623 3664 3029 3758 huiusmodi
3072 3719 3091 3736 .
3170 3663 3363 3738 Dico
3437 3678 3682 3737 autem
3734 3659 3982 3757 aliqua

2431 3762 2935 3863 praedifflorum
2988 3761 3378 3838 nominum
3450 3758 3982 3858 perfectionem

2435 3865 2698 3960 absque
2779 3859 3063 3938 defectu
3162 3859 3558 3957 importare
3626 3876 3984 3958 quantum

2427 3965 2542 4040 ad'
2577 3961 2758 4038 illud
2837 3961 2927 4036 ad
3006 3961 3201 4058 quod
3255 3958 3804 4057 significandum
3853 3985 3982 4037 no-

2429 4087 2604 4139 men
2657 4060 2800 4137 fuit
2852 4059 3270 4157 impositum
3322 4085 3346 4141 ε,
3396 4077 3754 4159 quantum
3803 4083 3983 4137 vero

2425 4166 2514 4241 ad
2559 4163 2864 4238 modum
2900 4158 3393 4258 significandi,
3447 4183 3671 4236 omne
3706 4183 3982 4237 nomen

2427 4287 2596 4340 cum
2674 4260 2959 4339 defectu
3012 4257 3166 4335 est:
3239 4284 3414 4335 nam
3482 4261 3787 4336 nomine
3869 4269 4036 4337 res'

2423 4362 2904 4461 exprimimus
2973 4384 3075 4438 -eo
3129 4361 3354 4435 modo
3404 4384 3558 4457 quo
3605 4359 3978 4438 intellectu

2427 4462 2920 4557 concipimus.
2981 4456 3403 4537 Intellefflus
3447 4476 3695 4536 autem
3744 4459 3981 4537 noster

2426 4586 2517 4639 ex
2597 4560 3050 4637 sensibilibus
3122 4558 3605 4656 cognoscendi
3680 4559 3978 4636 initium

2429 4664 2761 4754 sumens,
2820 4659 3032 4736 illum
3084 4658 3385 4734 modum
3422 4684 3572 4735 non
3624 4658 3977 4738 transcen-

2426 4763 2533 4838 dit
2585 4785 2805 4860 quem
2876 4760 2956 4836 in
3008 4761 3221 4837 rebus
3276 4757 3724 4836 sensibilibus
3775 4759 3975 4835 inve»

2430 4862 2544 4940 nit
2584 4914 2611 4958 ‚
2657 4861 2759 4937 'in
2815 4860 3083 4960 quibus
3133 4859 3337 4940 aliud
3385 4857 3484 4939 est
3537 4855 3774 4936 forma
3820 4858 3974 5030 ‚h&

3904 4979 3975 5034 a·
