4597 5696
647 382 757 444 132
1151 355 1166 370 ·
1329 361 1460 426 m:
1527 359 2105 427 vssax-rAT‘E
2165 357 2879 428 carnochE
2936 338 3245 437 121123'1

651 483 1046 564 secundum
1099 478 1241 557 effe
1293 480 1382 556 ad
1434 479 1634 557 aliud
1676 478 2223 578 quodammodo
2329 475 2602 557 infiniti
2625 476 2702 555 in
2732 472 3063 577 potentia
3081 470 3219 549 sint
3238 466 3547 564 maiores
3576 464 3902 563 binario,

655 586 725 666 se
782 584 1054 662 habent
1090 635 1116 675 ‚
1198 597 1281 658 ut
1350 580 1830 680 Philosophus
1907 579 2091 659 dicit
2143 579 2225 657 in
2329 581 2592 681 quibus
2646 578 2999 658 omnibus
3053 572 3210 675 ipse
3263 567 3364 648 est
3416 572 3658 672 prior.
3703 573 3907 648 Deus

657 681 1241 769 Praedicamentis
1295 683 1322 781 (
1377 708 1532 784 cap.
1577 683 1673 760 ad
1728 682 2021 780 aliquid
2075 682 2101 779 )
2154 708 2230 759 o-
2335 701 2583 761 autem
2641 706 2792 759 non
2843 678 3056 757 aliter
3106 672 3415 752 refertur
3461 665 3555 751 a!
3601 697 3689 750 ea
3742 693 3906 769 quae

660 803 976 893 porteret
998 787 1197 886 quod
1251 786 1398 864 Dei
1424 783 1813 864 substantia
1831 785 1972 863 hoc
1993 783 2232 885 ipsum
2338 784 2504 863 sunt
2555 781 2722 861 astu
2780 837 2808 878 ‚
2910 803 3138 881 quam
3213 776 3306 865 ad
3357 799 3442 851 ea
3510 799 3670 872 quae
3741 772 3909 848 sunt

663 890 863 993 quod
915 886 1013 966 est
1038 943 1064 984 ‚
1114 888 1205 965 ad
1256 886 1454 966 aliud
1528 886 1888 965 diceretur
1933 942 1951 964 .
2005 884 2240 986 Quod
2342 884 2671 987 potentia
2702 938 2728 979 ‚
2780 881 2956 982 quia
3025 905 3179 959 non
3230 892 3557 955 mutatur
3625 897 3716 951 ex
3765 872 3910 948 hoc

666 1012 916 1073 autem
947 990 1109 1068 hoc
1166 990 1400 1091 ipsum
1452 990 1650 1091 quod
1704 986 1804 1064 est
1827 1042 1855 1083 ,
1905 989 1997 1065 ad
2035 987 2240 1066 aliud
2395 987 2540 1065 uod
2590 986 2838 1086 aliqua
2871 980 3262 1101 producit.
3294 981 3477 1057 Non
3532 976 3757 1076 igitur
3807 995 3919 1087 re-

672 1096 943 1175 dicitur
968 1146 995 1187 ‚
1049 1093 1598 1191 quodammodo
1648 1090 1742 1166 ab
1801 1089 1956 1191 ipso
1979 1092 2243 1190 depen-
2380 1105 2575 1167 ertur
2652 1089 2745 1165 ad
2794 1085 2941 1164 aha
3022 1108 3150 1185 per
3200 1080 3641 1160 relationem
3708 1073 3921 1151 realt-

673 1200 847 1295 det‚
898 1219 1071 1273 cum
1127 1219 1261 1273 nec
1315 1197 1503 1290 ess'e,
1556 1217 1692 1271 nec
1745 1192 2062 1293 intelligi
2100 1191 2244 1269 fine
2351 1209 2460 1271 ter
2513 1191 2594 1269 in
2650 1188 2806 1289 ipso
2858 1185 3331 1267 existentem.
3736 1276 3751 1292 ·

683 1324 775 1377 eo
928 1297 1080 1375 ffit.
1158 1300 1477 1395 Oportet
1555 1294 1782 1393 igitur
1834 1298 2032 1393 quod
2103 1294 2249 1372 Dei
2456 1321 2528 1390 4.
2582 1289 2980 1389 Amplius.
3031 1288 3495 1391 Cuicumque
3520 1278 3810 1378 aliqmd
3832 1275 3922 1354 de

677 1402 808 1480 sub
868 1399 1070 1475 antia
1121 1399 1214 1474 ab
1266 1397 1419 1475 alio
1468 1393 1876 1480 extrinseco
1927 1397 2099 1475 esset
2134 1398 2248 1474 de·
2355 1421 2559 1473 novo
2611 1393 2958 1486 advenit,
3009 1389 3289 1469 necesse
3343 1384 3442 1463 est
3523 1382 3923 1462 illud-mu·

678 1501 1049 1602 pendens3
1101 1516 1176 1578 et
1228 1498 1322 1577 fic
1372 1524 1526 1577 non
1579 1497 1750 1575 esset
1772 1521 1899 1596 per
1923 1498 2250 1599 seipsum
2354 1498 2519 1591 tari,
2550 1494 2669 1573 vel
2722 1491 2947 1596 perse
2976 1547 3001 1589 ‚
3049 1491 3175 1570 vel
3204 1513 3333 1589 per
3366 1484 3739 1566 accidens.
3771 1485 3918 1595 Re-

684 1603 961 1681 necesse
998 1655 1026 1695 ‚
1103 1615 1187 1678 ut
1256 1600 1338 1678 in
1463 1601 1658 1691 rimo
1734 1600 1965 1680 Libro
2015 1601 2041 1698 (
2093 1625 2247 1698 cap.
2352 1598 2660 1677 lationes
2713 1610 2965 1674 autem
3015 1593 3350 1696 quaedam
3400 1591 3488 1666 de
3562 1611 3763 1664 novo
3815 1583 3928 1659 dt-

687 1727 807 1783 xv.
863 1703 894 1801 )
942 1701 1307 1782 ostensum
1359 1627 1503 1782 elz.
1559 1701 1745 1780 Non
1798 1701 1960 1782 sunt
2028 1701 2255 1802 igitur
2356 1716 2622 1778 cuntur
2673 1697 2762 1777 de
2819 1702 3030 1791 Deo,
3083 1694 3260 1774 ficut
3312 1690 3508 1791 quod
3562 1691 3766 1802 Deus
3822 1680 3921 1800 est

687 1803 1107 1904 hujusmodi
1178 1804 1569 1886 relationes
1650 1800 2045 1885 secundum
2095 1827 2256 1881 rem
2358 1802 2698 1880 dominus
2725 1855 2749 1895 ‚
2800 1801 2923 1877 vel
2977 1798 3418 1897 gubernator
3473 1791 3845 1903 hujus-rel
3899 1836 3931 1878 ‚

691 1907 773 1985 in
828 1911 1034 1986 Deo.
1661 1980 1668 1987 .
2364 1930 2524 2003 quae
2578 1906 2666 1982 de
2720 1928 2921 1981 novo
2973 1897 3240 1999 incipit
3290 1896 3428 1973 ess'e
3484 1952 3501 1969 .
3560 1895 3637 1970 51
3686 1905 3931 2004 ‘igitur

803 2037 869 2088 2..
927 2014 1119 2090 Item
1164 2067 1184 2085 .
1237 2009 1627 2091 Ostensum
1698 2004 1799 2085 est
1870 2008 1948 2086 in
2020 2007 2266 2110 primo
2367 2006 2875 2105 praedicaretur
2926 2003 3170 2100 aliqua
3226 1996 3485 2076 relatio
3528 1990 3821 2069 reahter
3860 2011 3941 2102 ιρι

698 2111 934 2191 Libro
1005 2114 1029 2207 (
1085 2136 1240 2210 cap.
1319 2140 1640 2191 xxv111.
1698 2111 1728 2206 )
1801 2112 2000 2206 quod
2072 2116 2274 2188 Deus
2374 2113 2550 2187 Deo
2602 2106 2950 2197 existens,
3006 2103 3416 2199 sequeretur
3439 2096 3635 2196 quod
3661 2088 3948 2190 aliquid

702 2210 1045 2290 omnium
1099 2212 1386 2288 entium
1459 2212 1558 2289 est
1614 2211 1946 2287 mensura
1985 2266 2002 2284 .
2056 2214 2277 2287 Com·
2382 2210 2551 2285 Deo
2599 2208 2689 2283 de
2741 2231 2940 2282 novo
2993 2199 3421 2292 adveniret,
3474 2195 3547 2272 8<
3605 2193 3695 2270 fic
3747 2188 3946 2299 quod

706 2326 1000 2413 paratur
1054 2309 1280 2408 igitur
1335 2317 1541 2391 Deus
1594 2313 1683 2388 ad
1746 2310 1892 2386 alia
1944 2310 2146 2389 entia
2202 2309 2279 2385 s1-
2386 2323 2817 2400 mutaretur,
2836 2302 2957 2382 vel
3010 2326 3140 2403 per
3192 2300 3261 2376 se
3310 2352 3336 2393 ‚
3410 2294 3530 2372 vel
3583 2315 3710 2407 per
3762 2313 3950 2403 aec}-

709 2428 837 2494 cut
856 2411 1105 2491 scibile
1135 2415 1224 2490 ad
1246 2413 1624 2493 scientiam
1667 2409 2033 2508 nostram,
2084 2412 2284 2509 quod
2385 2405 2825 2500 denszcujus
2881 2399 3333 2485 contrarium
3396 2397 3475 2475 in
3527 2417 3773 2494 pr1mo
3825 2392 3949 2469 ΙΛ-

706 2512 868 2614 ejus
903 2514 1255 2593 *mensura
1308 2514 1408 2595 est
1469 2545 1499 2594 .·
1571 2539 1745 2592 nam
1783 2539 1888 2591 ,ex
1939 2536 2033 2590 eo
2081 2512 2279 2611 quod
2382 2510 2516 2588 bro
2565 2508 2591 2606 (
2642 2533 2797 2609 cap.
2847 2531 3073 2586 x111.
3129 2502 3158 2600 )
3206 2497 3571 2587 ostensum
3624 2492 3768 2573 est.

711 2640 827 2733 res
882 2613 1030 2713 est,
1080 2616 1203 2696 vel
1257 2615 1576 2711 nonest,
1627 2615 1926 2717 opini0‚
1974 2612 2280 2694 velora-
2671 2658 2740 2720 -0
2823 2660 2885 2721 A
2972 2656 3020 2718 p
3107 2656 3165 2717 U
3253 2652 3315 2714 T
3477 2646 3676 2710 xm,

712 2737 828 2797 t1o
892 2743 1068 2797 vera
1103 2772 1132 2813 ,
1204 2720 1324 2797 vel
1407 2717 1580 2798 falsa
1659 2717 1759 2796 est
1795 2771 1822 2812 ‚
1892 2716 2286 2795 secundum
2468 2786 2494 2813 ,
2759 2792 2771 2804 ,
3024 2788 3037 2809 ,
3675 2778 3686 2791 .

716 2818 1016 2900 Phnoso
1066 2819 1382 2901 hunvin
1433 2819 2018 2901 Praedicamentis
2065 2817 2092 2916 (
2131 2844 2286 2920 cap·
2389 2791 2566 2881 Quod
2603 2790 2893 2854 relateones
2935 2784 3137 2869 quzbus
3153 2786 3307 2845 Deus
3348 2780 3427 2841 ad
3479 2800 3561 2840 res
3600 2777 3751 2871 alufs
3789 2771 3958 2852 refer-

724 2923 817 3037 de
873 2846 1325 3032 supsiantia)
1379 2925 1651 3002 Scibile
1704 2940 1950 3001 autem
2005 2922 2178 3000 licet
2200 2922 2289 2999 ad
2595 2894 2718 2966 ω’
2763 2894 2868 2933 ''⁰''
2904 2871 3361 3027 sumflrgnesxzsa
3400 2864 3588 2924 Deum
3629 2881 3746 2920 ω’

720 3021 1107 3104 sc1ent1am
1161 3023 1465 3101 relative
1503 3026 1782 3102 dicatur
1811 3079 1838 3118 ‚
1891 3042 2140 3100 tamen
2188 3047 2294 3100 re-

718 3120 908 3201 latio
977 3123 1368 3203 secundum
1449 3149 1607 3203 rem
1699 3125 1780 3202 in
1855 3123 2088 3204 scibili
2144 3149 2295 3202 non
2691 3078 2783 3138 De
2814 3089 2941 3160 ΡΜ
2978 3067 3161 3152 ’μ’μ’
3207 3086 3353 3132 ‘'¹“
3396 3083 3505 3126 m.
3554 3084 3655 3125 ¹¹·

718 3221 824 3303 est
862 3278 891 3320 ,
973 3224 1091 3302 sed
1160 3224 1241 3303 in
1313 3226 1613 3306 scientia
1685 3240 1979 3304 tanturn
2032 3254 2050 3302 ε
2105 3227 2296 3303 unde
2352 3228 2363 3239 '
2617 3223 2779 3302 ΟΝ
2860 3237 3107 3300 autem
3181 3212 3411 3316 potest
3481 3210 3629 3290 dici
3660 3265 3686 3305 ‚
3762 3206 3962 3308 quod

726 3326 1127 3405 secundum
1179 3326 1707 3429 Philosophum
1762 3325 1843 3406 in
1901 3333 1996 3405 V.
2053 3331 2296 3405 Meta·
2641 3314 3561 3421 relationespraediRaefint
3582 3309 3963 3390 existentes

726 3427 934 3532 phys.
987 3426 1016 3525 (
1072 3443 1243 3508 text.
1297 3456 1490 3509 corn.
1542 3457 1657 3510 xx.
1715 3430 1741 3527 )
1798 3428 2049 3506 scibile
2117 3429 2294 3506 dici·
2398 3425 2763 3519 exterius,
2795 3424 2988 3523 quasi
3015 3448 3126 3502 res
3146 3423 3408 3519 aliquae
3460 3433 3665 3495 extra
3694 3418 3962 3526 Deum.

727 3545 850 3608 tur
902 3527 1255 3627 relative,
1307 3558 1459 3612 non
1509 3532 1684 3633 quia
1738 3531 1975 3630 ipsum
2040 3528 2292 3608 refera—
2514 3558 2571 3605 1.
2623 3533 2820 3606 Cum
2900 3525 3101 3603 enim
3190 3527 3389 3600 Deus
3481 3517 3565 3594 s1t
3640 3534 3967 3612 prunum

727 3648 893 3724 tur,
949 3632 1065 3710 sed
1117 3634 1293 3733 quia
1345 3634 1624 3750 aliquid
1678 3633 1878 3709 aliud
1916 3634 2005 3709 ad
2062 3633 2300 3731 ipsum
2405 3630 2739 3722 entium,
2790 3628 2863 3705 8<
2897 3629 3262 3703 summum
3285 3622 3702 3728 bonorum,
3752 3632 3965 3708 opor-

728 3728 1038 3810 refertur
1077 3789 1095 3807 .
1180 3736 1419 3814 Dictae
1491 3736 1716 3834 igitur
1781 3733 2168 3812 relationes
2211 3734 2302 3810 ‘in
2406 3747 2591 3812 teret
2641 3732 2731 3806 ad
2782 3728 2964 3805 alias
3013 3726 3238 3801 etiam
3307 3718 3740 3828 relatione3‚
3807 3735 3968 3810 quae

738 3835 908 3910 Deo
958 3859 1107 3933 non
1163 3834 1324 3915 sunt
1377 3838 1709 3914 realiter.
2404 3834 2566 3910 sunt
2618 3830 2876 3929 aliquae
2956 3850 3066 3904 res
3105 3879 3130 3919 ‚
3209 3818 3353 3899 Dei
3421 3816 3810 3895 relationes
3861 3835 3970 3926 ref

845 3959 912 4036 3.
971 3933 1276 4015 Adhuc.
1332 3939 1759 4016 Relationes
1814 3935 2172 4035 praedictae
2196 3935 2301 4014 di·
2405 3932 2624 4027 ferri,
2677 3932 2751 4009 8<
2806 3928 2855 4005 si
2914 3925 3057 4004 illae
3111 3922 3250 4002 fint
3316 3921 3589 4000 iterum
3641 3939 3768 4033 'res
3816 3914 3971 3991 alr·

739 4053 1005 4116 cuntur
1056 4038 1146 4115 de
1219 4043 1387 4118 Deo
1455 4066 1607 4119 non
1673 4040 1907 4117 solum
1985 4038 2305 4139 respectu
2411 4060 2571 4137 quae
2612 4063 2675 4131 ,¹
2717 4027 3086 4132 oportebit
3158 4026 3424 4103 iterum
3494 4035 3750 4132 tertias
3794 4014 3974 4094 rela-

747 4161 1005 4217 eorum
1060 4165 1221 4240 quae
1273 4143 1440 4220 sunt
1494 4142 1574 4232 in
1624 4159 1833 4235 actu,
1906 4140 2030 4218 sed
2079 4141 2309 4218 etiam
2412 4139 2650 4218 tiones
2700 4130 3090 4218 advenire3
3139 4127 3214 4204 &
3268 4124 3361 4204 fic
3416 4123 3496 4220 in
3545 4119 3970 4237 infinitum.

747 4238 1073 4352 respectu
1125 4268 1380 4322 eorum
1451 4269 1611 4344 quae
1691 4244 1852 4320 sunt
1924 4243 2003 4319 in
2054 4261 2307 4343 poten·
2411 4242 2600 4320 Non
2678 4236 2904 4337 igitur
2979 4230 3373 4308 relationes
3436 4225 3702 4325 qulbus
3776 4225 3976 4335 Deus

750 4355 858 4416 na
898 4360 915 4408 τ
969 4343 1143 4439 quia
1193 4363 1270 4423 et
1321 4370 1577 4424 eorum
1632 4343 2010 4423 scientiam
2064 4345 2310 4438 habet,
2413 4343 2505 4419 ad
2556 4362 2666 4416 res
2718 4337 2896 4415 alias
2947 4331 3304 4426 refertur,
3358 4327 3519 4406 sunt
3571 4349 3682 4404 res
3716 4322 3977 4423 ahquae

750 4459 828 4519 et
879 4442 1199 4540 respectu
1253 4470 1506 4525 eorum
1563 4446 1828 4525 dicitur
1878 4463 1953 4524 et
1986 4445 2314 4545 primum
2417 4459 2620 4526 extra
2676 4443 2924 4517 Deum
2976 4432 3396 4514 existentes.

752 4567 908 4636 ‘1¹5’
929 4561 1006 4620 et
1023 4541 1392 4626 summum
1412 4550 1711 4626 bonum.
1737 4547 1877 4628 Sed
1927 4545 2078 4647 ejus
2117 4545 2317 4645 quod
2524 4571 2590 4621 2.
2648 4545 2840 4620 Item
2877 4595 2895 4615 .
2970 4536 3266 4636 Duplex
3333 4530 3433 4610 est
3508 4529 3767 4643 modus
3833 4547 3982 4625 quo

751 4642 854 4720 est
923 4662 1090 4723 actu
1150 4700 1177 4739 ‚
1247 4647 1340 4723 ad
1392 4648 1468 4725 id
1518 4649 1714 4747 quod
1767 4675 1917 4727 non
1969 4647 2068 4727 est
2121 4646 2321 4742 ειᾶὶιι,
2422 4644 2704 4746 aliquid
2755 4638 3306 4726 denominative
3360 4629 3781 4733 praedlcatur
3812 4654 3829 4702 ε
3862 4627 3984 4703 de-

758 4743 879 4823 ·sed
898 4747 1251 4845 potentia,
1276 4774 1428 4825 non
1450 4749 1611 4828 sunt
1631 4750 2017 4829 relationes
2069 4749 2320 4843 realesz,
2421 4745 2845 4825 nominatur
2869 4732 3101 4820 'enim
3150 4737 3433 4837 aliquid
3502 4732 3597 4809 ab
3649 4755 3740 4808 eo
3789 4726 3990 4827 quod

763 4844 942 4924 alias
990 4846 1399 4947 sequeretur
1471 4851 1668 4950 quod
1721 4853 1944 4929 essent
2020 4850 2325 4931 infinitae
2430 4867 2635 4927 extra
2685 4847 2925 4949 ipsum
2975 4840 3077 4922 est
3101 4896 3129 4937 ‚
3180 4839 3359 4919 ficut
3407 4861 3453 4913 a
3504 4832 3673 4914 loco
3722 4831 3991 4911 dicitur

767 4947 1155 5032 relationes
1186 4968 1355 5034 actu
1389 4952 1472 5034 in
1489 4950 2008 5053 eodem‚quum
2041 4953 2336 5037 numeri
2433 4949 2714 5053 aliquid
2784 4949 2951 5038 esse„
3003 4939 3278 5028 alicubi
3313 4991 3344 5041 ,
3415 4952 3494 5020 et
3565 4961 3613 5017 a
3662 4949 3995 5112 tempffiie
