4597 5696
761 436 880 497 ²06

752 541 926 639 (vin
975 536 1316 628 Timum,
1398 534 1473 611 8(
1529 532 1665 610 IV.
1721 528 1797 607 8<
1849 528 1986 605 IX.
2038 524 2129 604 de
2181 525 2334 601 Re-

754 643 927 744 pub.
981 631 1010 734 )
1059 635 1410 730 obviari,
1464 649 1836 733 quantum
1885 629 1978 707 ad
2031 625 2333 727 praesen·

757 763 916 823 tem
971 738 1470 817 intentionem
1529 734 1848 836 pertinet
1891 788 1911 809 .
1985 727 2208 810 Ponit
2260 752 2329 805 e·

691 910 696 915 .
754 846 922 924 nim
977 843 1248 936 Plator,
1321 865 1476 919 non
1549 837 1684 914 effe
1754 833 2097 911 eamdem
2176 829 2333 908 ani·

757 971 966 1034 mam
1021 945 1102 1022 in
1156 944 1369 1026 nobis
1422 932 2333 1036 intelleffivaanutriti-

760 1053 983 1143 vam,
1035 1048 1109 1125 8<
1162 1047 1193 1123 s

765 1150 1105 1231 sensitiva
1160 1148 1193 1226 fi

774 1255 965 1340 tebit
1017 1277 1193 1354 prop

769 1383 918 1463 qua
972 1354 1193 1434 intell«

775 1462 976 1565 poris
1032 1459 1171 1536 esse

769 1557 1193 1666 impossibilc

787 1750 798 1760 ,
885 1692 948 1745 1.
1005 1664 1193 1759 Quae

768 1974 957 2051 bum
1007 1969 1214 2048 enim
1265 1998 1538 2043 sslcltur
1591 1998 1727 2036 cuc
1799 1998 2157 2036 ιιιιιιιιιιιιι
2210 1998 2328 2051 pu

767 2073 1109 2156 accidens
1144 2122 1171 2164 ‚
1275 2066 1397 2143 uia
1448 2057 1734 2144 Socrati
1820 2054 2089 2137 accidit
2141 2051 2338 2130 albe-

769 2176 919 2266 do,
970 2174 1045 2250 8<
1094 2195 1225 2247 mu
1253 2192 1420 2244 ica,
1484 2162 1564 2242 Si
1616 2161 1845 2261 igitur
1925 2155 2177 2234 anima
2229 2152 2338 2231 in-

768 2267 1200 2363 tellefflva‚
1252 2267 1325 2343 &
1376 2260 1711 2343 senfitiva
1758 2313 1789 2356 ‚
1854 2260 1929 2337 8(
1980 2252 2339 2333 nutritiva

774 2375 940 2455 sunt
991 2367 1292 2452 diversae
1342 2367 1702 2459 virtutes,
1769 2374 1896 2438 aut
1947 2355 2202 2434 formae
2253 2351 2340 2429 in

777 2477 1042 2568 nobis:‚
1093 2498 1182 2551 ea
1231 2493 1392 2568 quae
1445 2461 1837 2543 secundum
1893 2460 2022 2537 has
2063 2453 2337 2534 formas

777 2580 998 2659 nobis
1046 2569 1504 2657 conveniunt
1524 2620 1552 2660 ‚
1619 2564 1710 2642 de
1765 2562 2091 2641 invicem
2159 2579 2342 2656 prae-

774 2682 1216 2762 dicabantur
1268 2698 1398 2775 per
1449 2666 1786 2747 accidens
1807 2720 1827 2741 .
1896 2661 2041 2742 Sed
2094 2656 2337 2735 secun-

772 2785 957 2866 dum
1009 2780 1341 2860 animam
1415 2765 1954 2852 intelleffivam
2019 2758 2339 2840 dicimur

777 2885 1121 2965 homines
1142 2935 1170 2973 ‚
1226 2877 1622 2956 secundum
1701 2867 2116 2949 sensitivam
2184 2859 2341 2939 ani-

775 2985 1007 3065 malia
1043 3035 1072 3077 .,
1123 2980 1518 3057 secundum
1591 2972 2031 3051 nutritivam
2081 2963 2335 3043 viven-

780 3087 927 3167 tia.
985 3082 1153 3162 Erit
1206 3079 1432 3179 igitur
1503 3075 1662 3153 haec
1735 3067 2154 3174 praedicatio
2206 3086 2338 3165 per

782 3186 1119 3268 accidens
1168 3238 1188 3257 .
1263 3183 1522 3260 Homo
1587 3173 1689 3254 est
1784 3167 2127 3265 animal,
2208 3161 2336 3243 vel

783 3283 1099 3372 Animal
1151 3281 1251 3363 est
1302 3281 1567 3358 vivum
1601 3334 1619 3355 .
1703 3274 1830 3355 Est
1905 3283 2155 3349 autem
2206 3287 2337 3368 per

781 3393 859 3473 se
908 3388 1078 3471 talis
1129 3382 1604 3489 praedicatio:
1661 3402 1839 3455 nam
1890 3375 2120 3451 homo
2154 3427 2183 3468 ,
2235 3367 2338 3444 se·

780 3493 1110 3591 cundum
1160 3486 1358 3586 quod
1411 3482 1510 3560 est
1564 3481 1792 3562 horno
1817 3532 1841 3572 ‚
1898 3473 1996 3553 est
2033 3467 2341 3563 animak

782 3598 860 3677 8<
910 3588 1256 3681 animal,
1334 3585 1726 3665 secundum
1777 3579 1976 3680 quod
2026 3572 2126 3652 est
2177 3568 2339 3652 ani·

781 3696 985 3788 mal,
1035 3692 1131 3770 est
1186 3690 1449 3768 vivum
1485 3739 1503 3760 .
1581 3681 1707 3762 Est
1762 3681 1989 3780 igitur
2055 3670 2342 3776 aliquid

784 3799 882 3877 ab
936 3795 1197 3872 eodem
1250 3785 1618 3892 principio
1667 3780 2008 3876 animal,
2059 3777 2342 3873 homo,

782 3899 862 3981 δι
908 3896 1168 3976 vivum
1198 3950 1217 3970 .

891 4000 969 4080 Si
1023 4014 1270 4074 autem
1321 3990 1602 4068 dicatur
1630 4043 1657 4082 ‚
1704 3980 2149 4087 quodetiam
2170 4003 2345 4079 prz-

787 4101 1001 4182 die’tis
1052 4098 1439 4177 animabus
1488 4085 1780 4176 diversis
1834 4080 2345 4176 existentibus,

786 4231 943 4281 non
995 4200 1317 4301 sequitur
1368 4190 1742 4293 praedie'ms
1795 4183 2345 4289 praedicationes

790 4301 949 4380 fore
992 4326 1131 4402 per
1186 4298 1520 4378 accidens
1562 4348 1588 4387 ‚
1656 4319 1751 4371 eo
1828 4288 2028 4389 quod
2077 4283 2346 4362 animae

685 4483 690 4491 ,
787 4402 935 4494 illae
987 4403 1078 4480 ad
1130 4401 1457 4480 invicem
1491 4395 1828 4476 ordinem
1854 4392 2174 4473 habent3
2203 4387 2346 4462 hoc

786 4506 1061 4589 iterum
1113 4516 1529 4580 removetur
1554 4555 1572 4576 .
1627 4499 1838 4576 Nam
1911 4491 2092 4569 ordo
2144 4484 2345 4562 senfi-

784 4607 930 4690 tivi
1002 4606 1093 4685 ad
1165 4599 1707 4680 intellefflvum
1747 4649 1774 4694 ,
1852 4593 1928 4672 8<
2006 4585 2349 4689 nutritivi

783 4711 879 4788 ad
929 4704 1398 4797 semitutum,
1471 4698 1572 4778 est
1625 4698 1808 4778 ficut
1859 4693 2040 4777 ordo
2143 4706 2347 4768 oten-

781 4812 942 4904 tiae,
981 4810 1073 4889 ad
1143 4805 1453 4904 aetum:
1537 4824 1717 4878 nam
1804 4795 2056 4877 intelle
2139 4793 2348 4871 ivum

787 4912 1176 5006 sensium,
1227 4908 1301 4986 8<
1351 4900 1774 4983 senfitivum
1827 4896 2189 5011 nutritive
2209 4919 2342 5076 fio-

783 5017 1038 5105 sterit:
1088 5010 1487 5104 secundum
1538 5015 2094 5108 generationem
2165 5021 2205 5075 e
2319 5020 2343 5075 ε

1365 417 1505 487 DE
1566 413 2155 487 V‘ERITATE
2211 410 2947 484 CATHOLICAE
2985 407 3318 477 FIDEI

2432 522 2636 626 prius
2712 524 2920 603 enim
2994 524 3469 626 generatione
3559 525 3645 609 fit
3711 508 3993 608 animal

2432 652 2662 742 quam
2728 630 2997 745 homo.
3053 629 3132 710 Si
3187 628 3420 730 igitur
3472 627 3601 708 iste
3666 631 3848 711 ordo
3899 620 4006 708 ffi-

2433 747 2538 807 c1t
2592 731 3142 832 praedncationes
3217 730 3598 834 praedifi'tas
3680 733 3819 810 effe
3874 758 4007 833 per

2439 832 2564 930 se,
2633 832 2774 911 hoc
2853 858 3007 911 non
3082 833 3225 913 erit
3316 834 3715 913 secundum
3785 832 4002 915 illum

2439 935 2750 1013 modum
2804 935 3096 1013 dicendi
3149 935 3401 1035 perse
3452 935 3583 1035 qui
3646 933 4007 1035 accipitur

2441 1033 2836 1150 secundum
2890 1033 3256 1134 formam,
3307 1037 3430 1115 sed
3484 1037 3885 1117 secundum
3918 1037 4007 1115 il·

2449 1140 2608 1257 lum
2681 1164 2813 1239 qui
2882 1138 3237 1238 accipitur
3308 1139 3703 1217 secundum
3779 1154 4007 1218 mate·

2450 1265 2692 1354 nam2
2738 1239 2814 1317 &
2861 1237 3313 1339 subjefihim,
3363 1239 3861 1333 ficut'dicitur
3900 1241 4007 1321 su-

2446 1342 2780 1458 perficies
2821 1340 3150 1420 colorata
3173 1398 3191 1415 .
3246 1345 3420 1423 Hoc
3471 1356 3720 1420 autem
3747 1342 3846 1419 est
3866 1342 4006 1420 im-

2447 1443 2822 1547 poffibile:
2877 1444 3055 1543 quia
3107 1441 3243 1521 isto
3292 1444 3520 1521 modo
3553 1443 3847 1521 dicendi
3873 1467 4008 1543 per

2446 1550 2565 1643 se,
2616 1547 2693 1624 id
2742 1546 2942 1644 quod
2993 1543 3093 1659 effi
3147 1542 3501 1641 formale,
3572 1545 4006 1644 praedicatur

2446 1672 2579 1751 per
2628 1648 2701 1726 se
2753 1647 2844 1725 de
2912 1643 3240 1744 subJeao
3270 1700 3304 1741 .,
3372 1662 3459 1725 ut
3521 1670 3755 1746 quum
3826 1647 4005 1728 dici-

2440 1774 2609 1831 mus
2629 1805 2650 1828 .
2702 1746 3139 1847 Superficies
3216 1746 3317 1825 est
3390 1747 3561 1825 alba
3588 1801 3615 1843 ‚
3699 1746 3819 1827 vel
3871 1773 4000 1829 nu-

2441 1876 2689 1932 merus
2736 1849 2841 1929 est
2890 1874 3061 1951 par.
3114 1850 3222 1928 Et
3271 1846 3543 1927 iterum
3596 1848 3741 1929 hoc
3776 1851 4003 1930 modo

2439 1952 2735 2037 dicendi
2786 1974 2921 2052 per
2972 1951 3043 2030 se
3095 1947 3497 2047 subjeflum
3568 1951 3870 2050 ponitur
3919 1952 4004 2030 in

2439 2055 2890 2175 diffinitione
2941 2052 3365 2154 praedicati,
3421 2048 3603 2130 ficut
3655 2077 4005 2149 munerus

2438 2178 2524 2238 m
2605 2155 3056 2235 diffinitione
3135 2154 3387 2252 paris3
3459 2153 3570 2231 ibi
3652 2173 3906 2236 autem
3953 2179 4009 2233 e

2435 2257 2811 2338 contrario
2863 2254 3187 2335 accidit:
3262 2278 3416 2332 non
3482 2252 3690 2332 enim
3771 2256 4004 2335 homo

2437 2384 2571 2460 per
2620 2358 2693 2434 se
2792 2356 3174 2447 raedicatur
3223 2354 3315 2432 de
3364 2351 3729 2449 animali,
3782 2354 3900 2433 sed
3952 2380 3998 2434 e

2437 2481 2713 2574 conver
2743 2484 2832 2536 o.
2885 2458 2994 2533 Et
3044 2456 3316 2532 iterum
3333 2478 3484 2530 non
3502 2454 3803 2553 ponitur
3838 2456 4000 2535 sub-

2438 2558 2715 2669 )efiium
2767 2558 2850 2653 in
2898 2554 3349 2634 diffinitione
3401 2555 3823 2653 praedicati,
3876 2558 3996 2636 sed

2433 2688 2484 2742 e
2553 2657 2914 2741 converso
2946 2713 2969 2733 .
3055 2659 3243 2736 Non
3315 2654 3545 2754 igitur
3641 2655 3998 2755 praediffiae

2437 2760 2988 2868 praedicationes
3036 2757 3381 2836 dicuntur
3431 2780 3562 2858 per
3611 2756 3683 2836 se
3704 2812 3731 2855 ,
3781 2758 4007 2838 mtio..

2441 2883 2538 2947 ne
2589 2862 2774 2944 dieti
2807 2859 3140 2942 ordinis.

2540 2995 2611 3046 2.
2662 2970 3054 3047 Praeterea.
3112 2958 3239 3040 Ab
3290 2961 3551 3038 eodem
3572 2958 3856 3061 aliquid
3877 2958 4009 3038 ha·-

2434 3073 2563 3154 bet
2613 3067 2794 3162 effe,
2846 3066 2919 3144 8(
2986 3062 3414 3141 unitatem:
3482 3086 3716 3141 unum
3787 3062 3996 3141 enim

2434 3168 2901 3269 consequitur
2953 3165 3047 3244 ad
3095 3189 3223 3241 ens
3264 3218 3283 3240 .
3340 3164 3601 3260 Quum
3652 3163 3885 3263 igitur
3951 3189 3999 3243 a

2436 3270 2679 3353 forma
2729 3288 3188 3368 unaquaeque
3239 3288 3355 3343 res
3407 3265 3673 3343 habeat
3726 3267 3862 3344 effe
3889 3319 3917 3361 ‚
3950 3287 4005 3343 a
4041 3290 4049 3296 ·

2437 3371 2681 3453 forma
2732 3369 2965 3450 etiam
3037 3364 3339 3445 habebit
3408 3366 3775 3445 unitatem
3815 3424 3835 3444 .
3906 3366 3993 3446 vSi

2440 3473 2671 3577 igitur
2722 3472 2804 3551 in
2854 3468 3165 3549 homine
3199 3484 3564 3567 ponantur
3580 3468 3819 3568 plures
3841 3466 4003 3547 ani-
4062 3497 4069 3508 ’

2436 3602 2581 3658 moe
2632 3572 2814 3654 ficut
2865 3569 3159 3652 diversae
3212 3566 3504 3663 forman,
3555 3570 3793 3646 homo
3842 3593 4001 3646 non

2438 3678 2582 3759 erit
2630 3698 2865 3757 unum
2940 3697 3069 3750 ens
3106 3724 3133 3765 ‚
3205 3668 3326 3745 sed
3392 3668 3657 3767 plura:
3709 3691 3847 3746 nec
3899 3670 3995 3747 ad

2410 3780 2807 3860 ’unitatem
2858 3769 3182 3851 hominis
3225 3769 3406 3845 ordo
3430 3765 3832 3846 formarum
3859 3765 3998 3847 suf·

2440 3879 2687 3971 ficiet,
2737 3875 2912 3976 quia
2964 3871 3101 3946 effe
3154 3891 3385 3943 unum
3439 3865 3832 3947 secundum
3887 3893 3999 3949 or-

2446 3979 2748 4072 dinem,
2798 3997 2950 4052 non
3002 3968 3105 4046 est
3156 3969 3295 4045 esse
3348 3993 3578 4045 unum
3656 3968 4000 4071 fimplici·

2446 4096 2606 4175 ter,
2654 4100 2828 4157 cum
2880 4071 3124 4152 unitas
3173 4069 3451 4149 ordinis
3520 4067 3612 4148 fit
3679 4071 3999 4150 minima

2446 4182 2822 4262 unitatum
2855 4231 2875 4252 .
3416 4254 3418 4257 ,
3814 4225 3817 4229 -

2449 4328 2453 4329 ν
2554 4309 2622 4383 3.
2678 4275 3053 4359 Item.Ad
3088 4273 3242 4353 haec
3273 4271 3545 4353 redibit
3572 4269 3999 4375 praediffium

2446 4379 2978 4463 inconveniens
3017 4431 3045 4471 ‚
3110 4391 3195 4455 ut
3247 4373 3523 4456 scilicet
3589 4399 3681 4455 ex
3751 4371 4001 4453 anima

2446 4480 2907 4596 intelleEJiva
2926 4531 2951 4576 ‚
3000 4479 3075 4556 8<
3106 4495 3410 4576 corpore
3438 4502 3592 4556 non
3613 4476 3745 4556 fiat
3764 4498 3998 4555 unum

2446 4583 2874 4684 {impliciter
2906 4632 2935 4674 ‚
3012 4577 3135 4660 sed
3201 4577 3593 4657 secundum
3663 4579 4002 4657 accidens

2449 4705 2741 4768 tantum
2778 4711 2797 4760 ε
2850 4704 3075 4761 omne
3126 4677 3330 4760 enim
3382 4682 3578 4781 quod
3632 4679 3852 4762 alicui
3880 4680 4000 4757 ad·

2447 4787 2660 4868 venit
2709 4782 2865 4886 post
2916 4781 3056 4861 esse
3121 4783 3579 4882 completum
3601 4836 3630 4879 ‚
3699 4781 4003 4861 advenit

2443 4892 2517 4969 ei
2556 4885 3156 4981 accidentaliter,
3203 4908 3377 4962 cum
3429 4882 3520 4962 fit
3552 4899 3755 4966 extra
3776 4886 3998 4964 essen·

2443 4994 2633 5077 tiam
2695 4989 2853 5101 ejus
2895 5043 2919 5067 .
2989 4984 3365 5089 Quaelibet
3454 4987 3686 5070 etiam
3753 4986 3995 5067 sonna

3806 5088 3945 5168 sub
