4597 5696
734 397 846 476 136

710 512 919 588 nales
973 508 1174 585 sunt.
1233 505 1487 602 Agens
1531 499 1756 600 igitur
1788 500 1988 601 quod
2039 498 2280 598 requi-

715 614 817 689 rit
866 634 957 689 ex
1010 604 1425 684 necestitate
1458 603 1846 683 materiam
1900 599 2280 703 praeiacen-

714 731 869 790 tem
925 736 1013 787 ex
1067 734 1210 808 qua
1264 726 1629 806 operatur,
1697 705 1802 783 est
1853 730 2075 805 agens
2128 727 2283 803 par-

709 812 1017 893 ticulare
1045 868 1065 887 .
1127 815 1324 888 Deus
1372 827 1624 885 autem
1677 806 1782 884 est
1815 830 2037 908 agens
2090 806 2283 884 sicut

709 916 924 994 causa
994 910 1415 992 universalis
1499 907 1774 986 essendi
1834 970 1861 1008 ‚
1939 927 2023 988 ut
2076 908 2283 1006 supra

990 1013 1162 1113 xv.)
1212 1011 1573 1093 ostensum
1624 1012 1727 1087 est
1758 1068 1775 1086 .
1834 1011 2080 1125 Igitur
2135 1007 2298 1108 ipse«

719 1018 865 1115 (ca
917 1075 935 1093 .

720 1122 807 1200 in
859 1043 980 1199 gia
1030 1116 1319 1195 actione
1350 1113 1740 1193 materiam
1773 1128 2284 1215 praejacentem

710 1246 867 1301 non
907 1218 1254 1321 requirit.
1949 1310 1952 1315 ι

821 1318 900 1426 3.’
950 1329 1140 1403 Item
1179 1377 1198 1397 .
1276 1318 1582 1419 Quanto
1649 1315 1914 1418 aliquis
1983 1317 2281 1396 effectus

713 1425 821 1505 est
858 1422 1387 1518 universalior,
1438 1435 1647 1499 tanto
1675 1420 1894 1499 habet
1910 1419 2280 1520 propriam

714 1529 1006 1605 causam
1041 1524 1439 1603 altiorem:
1507 1522 1682 1620 quia
1750 1540 2027 1622 quanto
2075 1520 2286 1599 causa

712 1629 822 1707 est
873 1628 1133 1722 altior,
1185 1642 1393 1704 tanto
1442 1625 1535 1702 ad
1588 1622 1794 1723 plura
1851 1624 2082 1704 virtus
2133 1621 2287 1718 eius

712 1729 1131 1809 extenditur
1163 1785 1181 1804 .
1259 1727 1423 1806 Effe
1475 1725 1868 1809 autemest
1919 1725 2277 1805 universa-

712 1830 858 1913 lius
907 1857 1135 1933 quam
1187 1827 1498 1908 moveri:
1527 1827 1690 1906 sunt
1722 1829 1925 1908 enim
1950 1828 2284 1928 quaedam

653 1969 661 1978 ·
713 1936 1006 2014 entium
1076 1930 1497 2011 immobilia
1532 1985 1558 2025 ‚
1627 1948 1711 2010 ut
1761 1931 1989 2010 etiam
2042 1930 2283 2012 Philo·
2314 1958 2331 1975 ·

717 2032 927 2138 sophi
957 2034 1291 2128 tradunt,
1342 2052 1424 2113 ut
1459 2033 1773 2132 lapides,
1825 2033 2281 2127 ethuiusmo-

679 2140 829 2216 -di,
887 2140 1204 2236 Oportet
1255 2159 1436 2232 ergo
1485 2136 1682 2232 quod
1734 2135 1941 2235 supra
1992 2134 2280 2213 causam

710 2263 873 2338 quae
927 2263 1080 2314 non
1133 2237 1289 2334 agit
1325 2234 1466 2311 nisi
1498 2238 1910 2328 movend0‚
1963 2252 2039 2311 et
2092 2252 2278 2325 tran-

715 2339 1152 2431 smutando,
1202 2338 1298 2414 sit
1352 2334 1483 2427 illa
1534 2334 1739 2412 causa
1793 2360 1952 2433 qua:
2006 2351 2112 2411 est
2142 2333 2282 2441 pri·

712 2465 925 2519 mum
979 2438 1247 2517 effendi
1267 2435 1754 2537 principium.
1813 2438 1981 2516 Hoc
2035 2452 2283 2512 autem

714 2542 1167 2623 ostendimus
1218 2543 1247 2638 (
1307 2543 1360 2617 1.
1415 2539 1583 2617 Lib.
1628 2564 1783 2638 cap.
1838 2562 2061 2615 xiii.
2118 2534 2281 2634 )es-

671 2642 784 2724 ·se
827 2650 1122 2725 Deum.
1179 2647 1381 2721 Deus
1432 2640 1662 2742 igitur
1716 2664 1866 2720 non
1916 2639 2073 2739 agit
2126 2656 2279 2717 tan-

673 2749 1101 2827 ·tummodo
1125 2745 1542 2843 movend0,
1593 2759 1670 2821 et
1703 2741 2273 2824 transmutando.

675 2846 986 2930 -omne'
1037 2866 1284 2926 autem
1359 2846 1555 2947 quod
1628 2864 1779 2924 non
1831 2843 2063 2946 potest
2117 2869 2276 2961 pro-

557 3027 568 3040 ,
675 2952 977 3040 ³ducere
1044 2976 1153 3027 res
1228 2952 1308 3026 in
1379 2952 1520 3027 effe
1590 2948 1732 3024 nisi
1801 2972 1894 3027 ex
1967 2965 2276 3050 materia

707 3051 1184 3156 praejacente,
1237 3051 1394 3150 agit
1447 3049 1679 3128 solum
1720 3049 2091 3127 movendo
2120 3101 2147 3142 ‚
2200 3066 2277 3126 et

717 3152 1328 3234 transmutando:
1407 3146 1641 3229 facere
1721 3149 1925 3231 enim
1993 3149 2280 3247 aliquid

711 3283 803 3338 ex
857 3257 1208 3350 materia,
1262 3252 1363 3332 est
1415 3277 1543 3353 per
1594 3269 1882 3330 motum
1905 3303 1930 3345 ‚
1980 3251 2101 3329 vel
2122 3276 2278 3330 mu-

706 3362 1068 3444 tationem
1140 3358 1535 3459 quamdam
1576 3412 1594 3431 .
1670 3355 1856 3431 Non
1907 3376 2084 3453 ergo
2135 3352 2274 3430 im·

710 3464 1043 3573 possibile
1098 3463 1199 3539 est
1235 3460 1624 3560 producere
1643 3479 1754 3534 res
1807 3455 1886 3533 in
1924 3457 2065 3533 ess‘e
2113 3454 2273 3534 sine

707 3567 1017 3652 materia
1088 3566 1512 3665 praejacente
1555 3615 1573 3634 .
1646 3558 1988 3637 Producit
2046 3557 2273 3656 igitur

708 3679 911 3756 Deus
988 3693 1100 3746 res
1169 3666 1251 3744 in
1322 3664 1462 3743 ess'e
1529 3660 1688 3743 sine
1740 3659 2048 3744 materia
2096 3684 2272 3760 prae-

719 3775 1045 3876 jacente.

699 3889 704 3894 '
817 3905 894 3975 4·
967 3876 1341 3954 Praeterea
1378 3928 1396 3948 .
1468 3872 1693 3974 Quod
1736 3869 1918 3988 ‘agit
1986 3879 2276 3948 tantum

707 4004 840 4082 per
909 3996 1198 4057 motum
1234 4030 1259 4071 ‚
1336 3992 1413 4053 et
1492 3992 1984 4053 mutationem
2029 4025 2055 4066 ‚
2124 3994 2276 4047 non

708 4081 1065 4183 competit
1118 4077 1505 4158 universali
1558 4076 1812 4155 causae
1864 4074 2018 4151 eius
2080 4070 2278 4169 quod

681 4184 807 4258 7est
861 4187 997 4260 επὶ·
1041 4212 1059 4261 :
1136 4208 1285 4261 non
1359 4181 1565 4258 enim
1619 4201 1747 4277 per
1802 4193 2145 4265 motum,
2199 4191 2274 4251 et

707 4283 1340 4378 mutationem&
1393 4308 1518 4361 ens
1572 4306 1664 4376 ex
1718 4304 1866 4358 non
1894 4296 2060 4355 ente
2115 4274 2272 4352 sim-

762 4384 1061 4479 liciter‚
1133 4386 1250 4462 sed
1329 4383 1664 4463 ens·hoc
1734 4405 1826 4458 ex
1904 4404 2055 4456 non
2107 4395 2277 4453 ente

764 4513 852 4566 oc
899 4544 917 4563 .
996 4491 1195 4565 Deus
1247 4502 1495 4563 autem
1547 4483 1646 4562 est
1720 4479 2125 4560 universale
2179 4476 2274 4554 es-

711 4589 932 4678 sendi·
993 4587 1504 4689 principium5
1579 4600 1661 4663 ut
1731 4581 2096 4662 ostensum
2178 4576 2277 4657 est

679 4691 754 4788 ’(·
790 4716 943 4790 cap.
983 4690 1208 4786 xv.)
1291 4690 1475 4766 Non
1513 4687 1750 4785 ,igitur
1802 4685 1935 4762 sibi
1989 4691 2275 4781 c'ompe-

677 4795 806 4882 ‘tit
857 4813 1070 4893 agere
1124 4805 1414 4870 tantum
1453 4811 1583 4889 per
1607 4805 1946 4879 motum,
1998 4804 2124 4863 aut
2154 4807 2279 4883 per

663 4894 1246 4976 :mutationemt
1300 4911 1540 4989 neque
1583 4887 1841 4984 igitur
1898 4886 2028 4964 fibi
2082 4910 2279 4965 com·

785 4996 1276 5097 'tit-indigere
1321 5003 1329 5012 '
1379 4990 1788 5092 raejacente
1829 4991 2133 5068 materia
2185 4987 2276 5062 ad

706 5021 1010 5200 {liquid
1052 5089 1292 5214 faeien
1335 5093 1503 5222 ¹usin.
1582 5197 1592 5206 ·

1378 390 1518 460 DE
1575 384 2158 455 VERITATE
2217 380 2941 452 CATHOLICAE
2998 380 3315 453 FIDEI

2442 538 2451 547 ·
2496 528 2556 600 ς.
2612 503 2958 602 Amplius
3000 561 3018 579 .
3075 503 3673 608 Unumquodque
3723 524 3953 613 agens

2386 598 2519 683 sibi
2574 606 2814 683 simile
2866 608 3068 706 agit,
3216 606 3273 684 it
3307 608 3508 685 enim
3561 613 3951 697 secundum

2390 709 2589 805 quod
2655 707 2823 786 athi
2900 708 2996 786 est
3043 766 3060 782 .
3141 708 3346 788 llius
3399 711 3624 810 igitur
3670 720 3977 815 agentis*

2388 811 2531 887 erit
2584 812 2975 910 producere
3005 808 3399 907 efficium,
3450 814 3807 896 causando
3827 821 3955 897 ali-

2387 936 2537 1010 quo
2589 913 2813 992 modo
2867 908 3181 990 formam
3226 917 3547 993 materiae
3603 916 3953 999 inhaeren-

2389 1031 2594 1106 tem,
2646 1014 2842 1113 quod
2895 1014 2993 1092 est
3050 1013 3218 1094 aelii
3273 1042 3398 1116 per
3451 1017 3768 1099 formam
3822 1023 3955 1106 sibi

2389 1114 2868 1193 inhaerentem
2908 1171 2933 1211 ‚
3002 1116 3076 1193 8<
3130 1142 3282 1195 non
3332 1144 3459 1218 per
3512 1139 3745 1200 totam
3799 1122 3957 1203 sub-

2389 1214 2731 1294 stantiam
2785 1216 3024 1294 suam.
3080 1221 3301 1298 Unde
3358 1221 3835 1324 Philosophus
3879 1228 3959 1306 iri

2388 1322 2567 1397 VII.
2622 1321 2961 1418 Metaph.
3015 1320 3044 1418 (
3072 1338 3540 1402 textcomm.
3576 1332 3960 1428 xxviii.)

2386 1422 2648 1521 probat
2697 1424 2894 1520 quod
2974 1446 3086 1502 res
3142 1426 3553 1505 materiales
3608 1430 3956 1510 habentes

2391 1521 2663 1603 formas
2717 1523 2794 1599 in
2829 1526 3200 1619 materiis,
3254 1546 3694 1626 generantur
3726 1559 3770 1610 a
3806 1545 3954 1611 ma-

2389 1625 2770 1706 terialibus
2821 1628 3208 1725 agentibus
3244 1685 3271 1724 ‚
3326 1630 3761 1713 habentibus
3816 1634 3958 1713 for·

2383 1752 2543 1808 mas
2597 1727 2674 1805 in
2730 1729 3040 1806 materia
3090 1785 3115 1825 ‚
3193 1757 3345 1810 non
3422 1759 3465 1809 a
3519 1732 3773 1815 formis
3825 1762 3953 1837 per

2382 1828 2456 1908 se
2507 1826 2981 1911 existentibus
3018 1889 3036 1908 .
3096 1830 3296 1912 Deus
3347 1855 3598 1915 autem
3651 1863 3802 1917 non
3855 1838 3957 1918 est

2386 1957 2515 2012 ens
2567 1930 2738 2012 aeiu
2815 1957 2944 2033 per
2994 1935 3278 2035 aliquid
3349 1937 3480 2019 sibi
3552 1939 3959 2038 inhaerens‚

2388 2035 2507 2116 sed
2559 2059 2688 2135 per
2737 2051 2973 2115 totam
3025 2038 3224 2116 suam
3280 2039 3750 2121 substantiam
3793 2101 3820 2139 ‚
3876 2058 3959 2123 ut

2384 2135 2593 2235 supra
2659 2135 2689 2231 (
2734 2162 2895 2235 cap.
2953 2156 3224 2217 xviii.
3284 2141 3447 2217 Lib.
3509 2148 3561 2221 Ι.
3618 2143 3646 2240 )
3701 2148 3958 2243 proba-

2384 2253 2547 2314 tum
2599 2236 2699 2313 est
2747 2293 2765 2312 .
2825 2236 3060 2336 Igitur
3112 2242 3448 2338 proprius
3500 2246 3760 2321 modus
3814 2247 3953 2322 sua:

2387 2334 2701 2416 afflonis
2729 2336 2829 2415 est
2882 2356 2965 2417 ut
2989 2341 3340 2438 producat
3372 2367 3530 2421 rem
3584 2344 3956 2423 subfisten-

2386 2455 2541 2518 tem
2594 2454 2874 2530 totam,
2923 2465 3076 2519 nori
3100 2440 3337 2519 solum
3391 2469 3547 2521 rem
3605 2446 3956 2525 inhaeren-

2382 2557 2582 2636 tem,
2632 2540 2910 2619 scilicet
2944 2538 3261 2645 formam
3303 2544 3381 2622 iri
3418 2548 3760 2626 materia.
3811 2552 3957 2627 Per

2386 2643 2576 2721 hunc
2630 2660 2875 2722 autem
2919 2646 3226 2722 modum
3261 2649 3418 2745 agit
3449 2673 3673 2727 omne
3726 2675 3951 2749 agens

2379 2744 2578 2844 quod
2628 2746 3020 2826 materiam
3073 2748 3154 2823 in
3174 2752 3471 2848 agendo
3511 2777 3661 2828 non
3715 2752 3954 2852 requi-

2380 2846 2478 2926 rit
2519 2903 2538 2923 .
2595 2851 2796 2928 Deus
2838 2846 3077 2949 igitur
3128 2853 3517 2930 materiam
3571 2853 3951 2951 praeiacen-

2378 2966 2534 3027 tem
2585 2975 2739 3031 non
2789 2949 3098 3051 requirit
3138 2952 3230 3032 in
3284 2953 3405 3032 sua
3451 2952 3743 3034 afflone
3773 3012 3793 3031 .

2386 3123 2397 3134 ,
2482 3053 2551 3127 6.
2612 3054 2803 3131 Item
2842 3110 2863 3128 .
2937 3054 3263 3131 Materia
3340 3076 3804 3157 comparatur
3856 3057 3949 3137 ad

2380 3176 2602 3253 agens
2655 3151 2831 3233 ficut
2883 3154 3241 3255 recipiens
3294 3157 3664 3239 aEiionem
3707 3184 3946 3260 ‚quat

2381 3254 2475 3331 ab
2530 3254 2686 3355 ipso
2718 3253 2859 3334 est:
2914 3253 3115 3336 ae'tus
3140 3259 3344 3336 enim
3394 3262 3523 3362 qui
3577 3261 3676 3338 est
3730 3283 3952 3362 agen-

2378 3356 2489 3472 tis·
2524 3373 2606 3434 ut
2656 3382 2700 3434 a
2752 3383 2945 3458 quo,
2996 3358 3096 3437 est
3135 3362 3478 3460 patientis
3531 3382 3611 3443 ut
3665 3363 3743 3441 in
3772 3389 3950 3463 quo.

2380 3460 2616 3558 Igitur
2696 3460 3089 3561 requiritur
3159 3465 3466 3543 materia
3554 3467 3648 3543 ab
3699 3465 3953 3563 aliquo

2376 3576 2640 3660 agente
2687 3620 2713 3659 ,
2764 3582 2847 3648 ut
2900 3563 3207 3663 recipiat
3258 3564 3631 3643 afflonem
3687 3565 3945 3663 ipsius:

2375 3662 2523 3764 ipsa
2576 3664 2782 3741 enim
2855 3664 3051 3742 affio
3118 3665 3400 3762 agentis
3479 3666 3563 3742 in
3615 3663 3944 3763 patiente

2377 3782 2712 3865 recepta,
2765 3763 2863 3842 est
2916 3763 3116 3842 atius
3152 3766 3477 3861 agentis,
3530 3768 3602 3843 8<
3659 3763 3946 3857 forma,

2380 3883 2506 3958 aut
2557 3866 2804 3966 aliqua
2874 3863 3246 3944 inchoatio
3301 3862 3551 3945 formae
3606 3867 3686 3944 in
3743 3865 3901 3968 ipso
3925 3920 3948 3943 .

2384 3972 2585 4049 Deus
2623 3982 2875 4047 autem
2931 3992 3082 4045 non
3113 3965 3270 4066 agit
3319 3966 3613 4047 afflone
3669 3969 3948 4067 aliqua,

2379 4096 2602 4171 quam
2653 4069 2930 4146 neceffe
3006 4066 3090 4147 fit
3161 4070 3236 4145 in
3290 4068 3540 4170 aliquo
3620 4071 3949 4172 patiente

2375 4170 2847 4273 recipi,quia
2899 4170 3018 4248 sua
3070 4168 3266 4250 aEiio
3317 4172 3416 4250 est
3459 4173 3579 4250 sua
3633 4170 3953 4251 substan-

2376 4275 2479 4353 tia
2510 4335 2537 4372 ,
2588 4289 2667 4351 ut
2727 4272 2932 4373 supra
2963 4274 3347 4372 (cap..v1.)
3382 4278 3771 4373 probatum
3824 4273 3948 4352 est.

2384 4380 2582 4491 Non·
2621 4375 2847 4491 igitur
2897 4376 3547 4491 adproducendum
3601 4375 3951 4457 effeaum

2381 4496 2690 4577 requirit
2744 4495 3136 4558 materiam
3186 4498 3693 4579 praejacentem
3723 4537 3743 4556 .

2486 4605 2555 4679 7.
2611 4582 2995 4659 Praeterea.
3051 4582 3304 4658 Omne
3357 4582 3824 4684 agens-quod
3866 4579 3948 4659 in

2366 4683 2666 4783 :agendo
2717 4681 3021 4783 requirit
3104 4683 3492 4763 materiam
3543 4686 3950 4786 praejacen-

2383 4802 2538 4864 tem
2559 4838 2584 4877 ,
2638 4784 2858 4862 habet
2912 4785 3302 4863 materiam
3323 4787 3954 4885 proportionatam

2385 4886 2520 4964 suae
2571 4885 2901 4982 αθίοηὶ,
2953 4887 3434 4986 ut.quicquid
3476 4885 3575 4964 est
3627 4889 3953 4974 invirtu-

2381 5005 2453 5066 te
2508 4988 2835 5088 agenti8‚
2889 5005 3129 5067 totum
3184 4987 3270 5066 fit
3309 4989 3389 5066 in
3440 4992 3768 5090 potentia
3802 5008 3953 5063 ma-

3859 5102 3964 5166 te·
