4597 5696
1321 388 1912 478 coN‘rRA
2000 376 2747 452 GENTIL'ES
2833 381 3183 445 LIB.1.
3794 391 3873 457 37

650 501 917 583 venit.
991 501 1129 582 Sed
1181 499 1506 601 primum
1558 497 1822 574 horum
1904 490 2002 568 est
2057 490 2195 571 im-

649 602 979 701 posfibile
1018 656 1045 694 ,
1116 602 1291 717 quia
1342 599 1501 676 enti
1550 622 1700 676 non
1752 593 1979 693 potest
2032 591 2197 672 fieri

648 704 896 802 aliqua
945 702 1220 781 additio
1270 700 1659 778 secundum
1709 696 2015 773 modum
2047 721 2200 796 quo

646 804 1064 882 differentia
1112 802 1400 880 additur
1449 799 1742 899 generi,
1796 813 1879 874 ut
1914 794 2195 875 distum

646 904 750 983 est
802 906 1003 1004 (cap.
1025 903 1237 999 xxv.)
1292 900 1763 1000 Relinquitur
1797 920 1975 996 ergo
2001 899 2197 995 quod

647 1030 761 1084 res
811 1014 1104 1106 propter
1156 1004 1292 1081 hoc
1344 1001 1682 1080 differant
1707 1001 1905 1101 quod
1925 998 2195 1077 habent

646 1106 962 1184 diversas
1032 1124 1319 1205 naturas
1352 1158 1379 1200 ‚
1464 1103 1727 1203 quibus
1793 1101 2195 1200 acquiritur

647 1207 788 1283 effe
859 1206 1337 1284 diversimode
1376 1262 1395 1282 .
1469 1205 1637 1309 Effe
1707 1219 1958 1281 autem
2008 1201 2193 1280 divi·

642 1330 827 1384 num
899 1332 1048 1385 non
1117 1307 1416 1385 advenit
1466 1305 1598 1382 alii
1653 1320 1922 1384 naturae
1965 1357 1993 1396 ,
2076 1302 2195 1383 sed

644 1406 744 1485 est
798 1407 948 1507 ipsa
999 1424 1254 1486 natura
1290 1461 1317 1502 ‚
1370 1407 1490 1485 seu
1547 1406 1846 1484 effentia
1896 1402 2191 1500 divina,

642 1525 729 1586 ut
777 1507 1139 1592 ostensum
1177 1508 1273 1586 est
1327 1508 1355 1606 (
1405 1534 1560 1608 cap.
1598 1533 1734 1586 xxi
1759 1534 1815 1584 1.
1870 1504 1897 1600 )
1950 1505 2027 1584 Si
2049 1506 2184 1605 igi·

640 1626 760 1688 tur
832 1613 971 1686 effe
1039 1610 1379 1687 divinum
1447 1612 1619 1687 effet
1689 1604 1996 1685 formale
2044 1608 2185 1687 effe

637 1712 980 1789 omnium
1014 1764 1044 1804 ‚
1110 1725 1477 1808 oporteret
1543 1709 1801 1786 omnia
1851 1706 2193 1806 {implici-

638 1828 753 1891 ter
800 1812 949 1889 esse
1001 1836 1274 1887 unum.

630 1974 641 2001 -.
745 1940 812 2013 3.
868 1911 1215 2010 Amplius
1248 1966 1266 1985 .
1342 1909 1796 2008 Principium
1850 1906 2190 1986 naturali·

546 2056 557 2063 ⁷·
630 2028 750 2094 >ter
802 2013 999 2113 prius
1049 2011 1146 2089 est
1182 2036 1273 2088 eo
1320 2008 1521 2103 cujus
1550 2008 1648 2086 est
1677 2009 2185 2108 principium.

637 2115 808 2193 Esse
860 2128 1106 2189 autem
1177 2111 1256 2188 in
1308 2110 1739 2208 quibusdam
1800 2109 2012 2187 rebus
2062 2108 2187 2186 ha·

636 2216 763 2292 bet
812 2213 1091 2310 aliquid
1139 2209 1333 2309 quasi
1386 2209 1834 2309 principium
1876 2236 1893 2282 :
1950 2205 2187 2287 forma

632 2314 839 2392 enim
893 2314 1157 2390 dicitur
1192 2312 1347 2388 esse
1396 2309 1842 2409 principium
1894 2308 2186 2403 essendi,

632 2415 708 2493 8(
762 2413 1093 2491 fimiliter
1160 2435 1381 2511 agens
1448 2412 1644 2510 quod
1712 2407 1889 2487 facit
1939 2409 2184 2510 aliqua

632 2518 774 2594 effe
828 2515 993 2592 aestu
1040 2571 1059 2590 .
1115 2513 1190 2592 Si
1245 2514 1470 2613 igitur
1521 2513 1657 2589 esse
1708 2510 2048 2590 divinum
2103 2509 2190 2589 fit

627 2620 774 2703 effe
796 2613 1349 2713 uniuscujusque
1402 2613 1554 2707 rei,
1609 2613 1942 2711 sequetur
1992 2613 2189 2712 quod

636 2721 842 2796 Deus
892 2770 919 2811 ‚
971 2716 1098 2815 qui
1152 2714 1250 2791 est
1307 2716 1515 2793 suum
1567 2718 1750 2809 ess'e,
1802 2714 2068 2794 habeat
2118 2739 2190 2790 a·

636 2817 919 2917 liquam
970 2815 1319 2908 causam,
1388 2817 1461 2894 8(
1514 2813 1606 2894 fic
1674 2841 1825 2894 non
1876 2816 2016 2893 erit
2068 2838 2190 2893 ne-

639 2920 825 2996 ceffe
877 2919 1016 2995 effe
1104 2943 1232 3016 per
1286 2918 1355 2995 se
1397 2973 1423 3012 ,
1493 2915 1694 3011 cujus
1743 2916 2193 2996 contrarium

643 3016 852 3118 supra
904 3018 930 3114 (
984 3043 1138 3116 cap.
1188 3044 1305 3097 xv.
1361 3018 1387 3113 )
1439 3017 1798 3096 ostensum
1851 3018 1986 3097 est.

744 3144 816 3215 4.
874 3119 1134 3196 Adhuc
1157 3173 1176 3192 .
1231 3121 1453 3214 Quod
1474 3119 1568 3195 est
1592 3144 1988 3198 commune
2006 3117 2191 3206 mul-

641 3219 782 3314 tis,
831 3244 983 3296 non
1034 3218 1131 3295 est
1181 3217 1461 3316 aliquid
1502 3238 1754 3317 praeter
1804 3220 2192 3299 multanifi

646 3320 800 3398 sola
851 3320 1176 3407 ratione3
1230 3317 1427 3395 sicut
1456 3318 1730 3395 animal
1772 3344 1923 3396 non
1974 3318 2073 3395 est
2128 3346 2199 3396 a·

648 3420 806 3497 liud
858 3437 1111 3519 praeter
1164 3423 1501 3511 Sortem,
1550 3419 1620 3494 8(
1651 3419 2076 3513 Platonem,
2128 3420 2201 3496 8(

650 3519 797 3598 alia
840 3519 1233 3612 animalia,
1287 3519 1419 3596 nisi
1451 3517 1871 3614 intelleciu,
1920 3521 2051 3620 qui
2087 3544 2206 3617 ap·

652 3621 1041 3721 prehendit
1117 3619 1432 3698 formam
1500 3619 1840 3697 animalis
1891 3620 2207 3719 expolia-

659 3738 816 3801 tam
866 3724 960 3798 ab
1010 3722 1355 3799 omnibus
1408 3720 2082 3815 individuantibus‚
2131 3720 2206 3797 8(

656 3821 1271 3922 specificantibus:
1328 3822 1556 3900 homo
1607 3823 1810 3901 enim
1863 3820 1962 3898 est
2012 3822 2207 3921 quod

653 3947 831 4001 vere
866 3921 964 4000 est
990 3922 1308 4012 animal,
1360 3923 1539 4001 alias
1579 3923 1990 4023 sequeretur
2009 3922 2205 4023 quod

658 4021 743 4101 in
794 4026 1044 4115 Sorte,
1093 4025 1167 4099 8(
1205 4022 1504 4100 Platone
1543 4026 1766 4101 essent
1817 4025 2023 4123 plura
2052 4022 2204 4099 ani·

658 4123 929 4217 maiia,
983 4122 1257 4200 animal
1303 4122 1577 4203 scilicet
1609 4123 1847 4222 ipsum
1882 4149 2210 4202 commu·

660 4246 802 4317 ne,
850 4224 924 4300 8(
959 4223 1186 4300 homo
1233 4224 1692 4321 communis,
1740 4225 1813 4301 8(
1869 4225 2018 4324 ipse
2056 4224 2210 4301 Pla-

661 4337 787 4400 το.
841 4322 1099 4400 Multo
1148 4345 1323 4420 ergo
1372 4324 1615 4403 minus
1666 4325 1738 4401 8(
1783 4324 2018 4423 ipsum
2070 4325 2209 4401 effe

662 4445 1058 4500 commune
1135 4422 1232 4497 est
1297 4424 1575 4540 aliquid
1650 4441 1903 4524 praeter
1952 4449 2210 4503 omnes

2297 490 2570 589 xiii.)
2625 493 2871 569 Deum
2908 493 3049 569 esse
3085 485 3366 589 aliquid
3420 510 3573 567 non
3624 488 3860 568 solum

2300 596 2379 673 in
2432 592 2810 673 intellfflu
2848 618 2886 689 ,‘
2947 592 3070 672 sed
3137 592 3217 668 in
3268 612 3512 685 rerum
3563 608 3856 670 natura.

2298 700 2486 775 Non
2537 694 2636 773 est
2689 695 2919 815 igitur
2953 699 3156 779 Deus
3189 691 3428 792 ipsum
3477 691 3619 769 effe
3650 718 3851 797 com-

2296 822 2523 876 mune
2575 818 2955 875 omnium.

2410 924 2473 995 ς.
2529 903 2755 977 Item.
2811 898 3213 977 Generatio
3261 921 3391 998 per
3441 896 3512 975 se
3554 894 3857 999 loquen-

2296 1000 2394 1078 do
2442 997 2544 1078 est
2595 1000 2720 1077 via
2771 999 2852 1077 in
2904 1001 3044 1080 effe
3083 1048 3146 1101 ‚‚
3179 998 3256 1081 8<
3307 997 3680 1098 corruptio
3727 1000 3853 1079 via

2300 1100 2381 1176 in
2432 1127 2583 1180 non
2638 1103 2827 1179 effe:
2898 1127 3050 1180 non
3100 1099 3306 1180 enim
3357 1102 3852 1199 generationis

2296 1202 2651 1282 terminus
2720 1198 2820 1281 est
2872 1199 3109 1284 forma
3141 1257 3169 1298 ,
3236 1201 3310 1279 8(
3361 1201 3851 1301 corruptionis

2294 1304 2616 1403 privatio
2648 1357 2676 1396 ,
2728 1302 2860 1381 nisi
2913 1305 3087 1404 quia
3139 1302 3377 1383 forma
3430 1298 3608 1381 facit
3658 1303 3799 1389 effe
3818 1352 3854 1395 ,

2290 1404 2367 1482 8(
2419 1405 2738 1505 privatio
2787 1430 2942 1484 non
2975 1407 3158 1484 effe:
3213 1405 3384 1483 dato
3408 1404 3615 1482 enim
3648 1399 3849 1505 quod

2286 1506 2534 1609 aliqua
2586 1506 2825 1586 forma
2874 1533 3028 1586 non
3107 1504 3376 1585 faceret
3424 1507 3564 1584 effe
3599 1561 3626 1603 ‚
3691 1529 3849 1584 non

2286 1608 2645 1688 diceretur
2676 1608 3029 1707 'generari
3082 1607 3160 1685 id
3208 1606 3407 1707 quod
3456 1607 3682 1685 talem
3706 1604 3848 1686 for·

2294 1733 2501 1785 mam
2551 1710 2914 1809 acciperet
2966 1764 2986 1783 .
3057 1708 3136 1787 Si
3205 1707 3436 1804 igitur
3506 1712 3710 1784 Deus
3761 1706 3862 1784 fir

2293 1810 2638 1886 omnium
2688 1832 2934 1885 rerum
2983 1809 3122 1883 effe
3174 1804 3482 1884 formale
3523 1859 3551 1900 ,
3603 1806 3848 1905 seque-

2290 1924 2407 1985 tur
2493 1910 2693 2006 quod
2753 1907 2837 1984 fit
2888 1907 3277 1986 terminus·
3310 1905 3848 2006 generationis3

2288 2009 2486 2107 quod
2537 2006 2635 2086 est
2688 2005 2950 2087 falsum
2981 2063 3007 2101 ‚
3076 2032 3249 2087 cum
3302 2007 3452 2107 ipse
3505 2005 3591 2086 fit
3641 2022 3840 2086 aeter·

2288 2133 2469 2203 ιιιις,
2520 2125 2604 2186 ut
2637 2108 2921 2207 supra,(
2937 2134 3091 2207 cap.
3121 2106 3288 2205 xv.)
3337 2106 3700 2186 ostensum
3718 2106 3839 2186 est.

2389 2211 2462 2284 6.
2517 2212 2865 2287 Praeterea
2903 2265 2923 2284 .
2998 2213 3352 2310 Sequetur
3434 2209 3631 2309 quod
3702 2210 3846 2287 esse

2266 2306 2673 2403 'cujuslibet
2719 2308 2826 2387 rei
2878 2307 3102 2389 fuerit
3150 2312 3243 2387 ab
3293 2325 3600 2389 aeterno.
3655 2310 3842 2389 Non

2285 2408 2515 2508 igitur
2563 2409 2791 2511 potest
2843 2413 2984 2489 effe

2287 2511 2534 2610 ruptio
2571 2538 2589 2588 ε
2663 2509 2712 2588 fi
2766 2511 2971 2590 enim
3048 2530 3107 2589 at
3157 2512 3534 2611 generatio
3556 2564 3582 2605 ,
3631 2534 3844 2626 opor3

3088 2412 3413 2492 eneratio
3436 2467 3464 2508 ,
3513 2408 3638 2489 vel
3685 2434 3844 2505 cor-

2290 2627 2398 2691 tet
2448 2613 2645 2712 quod
2715 2613 2853 2689 effe
2926 2611 3374 2712 praeexistens
3440 2609 3664 2688 alicui
3734 2613 3845 2688 rei

2291 2714 2382 2790 de
2433 2738 2632 2790 novo
2682 2712 3131 2812 acquiratur.
3190 2718 3346 2791 Aut
3394 2734 3573 2808 ergo
3620 2707 3850 2789 alicui

2290 2811 2489 2913 prius
2542 2811 2923 2908 existenti,
2973 2829 3099 2892 aut
3127 2811 3335 2893 nullo
3369 2812 3593 2891 modo
3643 2810 3846 2911 prius

2292 2913 2667 2993 existenti.
2705 2915 2780 2996 Si
2813 2915 3054 3014 primo
3089 2915 3353 3009 modo,
3406 2937 3582 2992 curn
3609 2936 3847 3012 unum

2291 3014 2380 3095 fit
2431 3017 2568 3092 ess'e
2595 3017 2961 3094 *omnium
3012 3015 3476 3094 existentium
3520 3067 3547 3108 ‚
3600 3011 3846 3092 secun·

2293 3117 2474 3195 dum
2519 3115 2955 3216 politionem
3011 3114 3429 3215 praediaam
3447 3170 3473 3208 ,
3526 3114 3849 3214 sequitur

2294 3217 2492 3318 quod
2542 3242 2652 3295 res
2703 3244 2860 3318 quae
2917 3218 3248 3317 generari
3300 3216 3568 3295 dicitur
3604 3269 3632 3310 ,
3699 3239 3854 3294 non

2300 3318 2611 3414 accipiat
2662 3342 2942 3396 novum
2995 3321 3179 3414 esse,
3233 3317 3351 3396 sed
3382 3341 3663 3395 novum
3692 3340 3853 3395 mo·

2302 3419 2481 3494 dum
2534 3417 2844 3506 effendi3
2900 3420 3096 3516 quod
3146 3444 3298 3498 non
3334 3416 3512 3496 facit
3561 3439 3858 3516 genera-

2307 3517 2591 3596 tionem
2612 3570 2638 3611 ,
2690 3514 2810 3596 sed
2857 3518 3368 3597 alterationem
3401 3576 3419 3595 .
3473 3519 3550 3598 Si
3602 3534 3854 3595 autem

2308 3617 2516 3696 nullo
2570 3618 2797 3696 modo
2844 3619 3042 3719 prius
3078 3619 3470 3715 existebat,
3522 3618 3857 3718 sequetur

2309 3719 2504 3820 quod
2555 3718 2683 3797 fiat
2733 3744 2822 3798 ex
2872 3720 3155 3813 nihilo,
3209 3722 3405 3820 quod
3455 3719 3552 3797 est
3604 3734 3864 3799 contra

2296 3819 2672 3898 ⁴rationem
2705 3822 3194 3921 generationis
3212 3878 3232 3897 .
3288 3824 3523 3922 Igitur
3550 3820 3704 3906 haec,
3735 3844 3862 3919 po-

2308 3919 2474 3999 fitio
2517 3923 2835 4001 omnino
2888 3922 3438 4022 generationem
3473 3974 3499 4015 ,
3581 3922 3655 3998 8(
3704 3944 3865 3999 cor·

2303 4022 2724 4120 ruptionem
2764 4023 3099 4118 destruit;
3149 4025 3222 4101 8(
3260 4024 3427 4101 ideo
3462 4039 3662 4121 patet
3694 4043 3864 4099 eam

2311 4125 2450 4201 effe
2494 4123 3054 4223 impoffibilem.

2331 4309 2340 4320 ⁸
2414 4225 2637 4303 Hunc
2690 4225 2917 4302 etiam
2986 4247 3306 4301 errorem
3359 4221 3550 4302 sacra
3602 4220 3866 4303 doari-

2307 4333 2409 4404 na
2457 4324 2784 4424 repellit,
2836 4325 3014 4402 dum
3052 4323 3439 4403 confitetur
3483 4328 3730 4405 Deum
3749 4348 3871 4404 ex·

2310 4424 2625 4517 celsum,
2676 4425 2749 4501 8(
2800 4425 3171 4503 elevatum
3199 4479 3225 4520 ,
3276 4443 3358 4505 ut
3409 4426 3677 4507 dicitur
3731 4424 3864 4504 Isa.

667 4546 783 4600 res
834 4519 1213 4599 existentes
1254 4577 1281 4618 ‚
1362 4525 1493 4602 nist
1550 4526 1631 4602 in
1684 4522 2059 4606 intellefflu
2114 4523 2214 4604 so-
2314 4552 2439 4606 v1.
2475 4526 2741 4604 &eum
2784 4525 2992 4624 super
3022 4525 3275 4605 omnia
3298 4529 3483 4622 effe,
3536 4546 3618 4607 ut
3642 4532 3866 4606 Rom.

663 4622 825 4700 lum
856 4678 877 4698 .
950 4622 1029 4700 Si
1100 4621 1324 4720 igitur
1400 4630 1600 4716 Deus
1670 4624 1755 4706 fit
1819 4650 2214 4743 commune
2325 4652 2435 4705 ix.
2488 4625 2795 4704 habetur
2846 4684 2865 4704 .
2937 4629 3015 4707 Si
3068 4628 3271 4706 enim
3348 4629 3448 4708 est
3519 4631 3658 4708 effe
3706 4651 3870 4707 om-

664 4725 806 4802 cffe
841 4776 868 4817 ‚
943 4728 1143 4801 Deus
1224 4749 1374 4802 non
1424 4727 1564 4803 erit
1613 4726 1857 4827 aliqua
1909 4753 2022 4806 res
2073 4752 2220 4806 exi-

2290 4727 2533 4810 .nium
2553 4782 2580 4824 ‚
2631 4745 2804 4807 tunc
2843 4727 2941 4807 est
2960 4729 3238 4830 aliquid
3277 4731 3662 4825 omnium,
3712 4751 3869 4811 non

668 4823 860 4902 flens
898 4875 926 4919 ‚
978 4823 1108 4900 nist
1163 4849 1320 4924 quae
1373 4822 1459 4902 fit
1512 4823 1592 4901 in
1641 4826 2015 4906 intellec’tu
2067 4846 2219 4906 tan·-
2268 4833 2570 4918 ‘mutem
2624 4827 2832 4944 super
2880 4833 3176 4912 omnia.

664 4938 871 5013 tum.
925 4923 1318 5054 ostensum
1343 4943 1595 5013 autem
1643 4926 1743 5013 est
1772 4927 1979 5032 supra
2020 4927 2217 5035 (cap.

2333 5007 2348 5020 .
2422 4930 2540 5016 Hi
2586 4948 2822 5016 enam
2865 4950 3185 5019 errantes
3219 4934 3474 5018 eadem
3512 4923 3894 5132 sentegtig,
