4597 5696
1245 384 1835 450 con-rna
1912 377 2655 448 GENT1LES
2739 371 2995 440 Ltus
3070 377 3176 439 1.·2
3723 340 3795 466 ,ς

598 494 959 581 materia:
1013 514 1104 570 ex
1152 487 1296 569 hoc
1349 488 1549 585 quod
1617 485 1680 564 si
1755 508 1906 563 non
1984 487 2154 573 effet
2253 484 2486 565 etiam
2541 485 2710 585 ipsae
2763 501 3000 585 partes
3049 496 3523 582 congregatae,
3560 533 3590 578 ‚
3629 485 3826 565 fsunt.

602 600 803 677 idem
819 651 857 693 ,
896 607 1261 693 oporteret
1309 587 1600 666 differre
1650 612 1736 663 ea
1785 586 2152 686 aliquibus
2254 584 2434 667 ficut
2486 586 2828 688 potentia*
2864 581 3190 767 rgbspessu
3242 584 3537 669 unionis
3570 612 3588 656 ε
3644 587 3813 667 sunt

604 694 1035 780 differentiis
1056 749 1085 789 ‚
1136 694 1211 773 8<
1259 689 1367 769 sic
1417 715 1569 768 non
1618 691 1840 766 essent
1870 687 2151 787 simpli·
2252 690 2455 769 enim
2496 689 2715 769 unitae
2769 689 2849 768 in
3017 713 3066 765 u
3091 740 3097 771 2
3117 681 3500 786 postquam
3537 683 3811 773 fuerint

604 800 766 879 cia:
800 796 1085 877 namin
1120 819 1211 871 eo
1237 791 1435 890 quod
1486 814 1611 889 per
1658 790 2151 869 differentiam
2253 789 2336 867 in
2387 792 2715 891 potentia
2765 788 3083 871 unibiles
3118 840 3139 865 .
3195 790 3285 865 In
3337 792 3505 870 Deo
3553 803 3821 880 autenm

606 904 703 980 ab
758 898 910 978 alio
958 893 1200 973 differt
1226 953 1255 991 ,
1305 892 1471 993 ipsa.
1503 890 1913 971 differentia
1954 916 2155 971 com·
2256 892 2460 970 nulla
2511 891 2612 971 est
2665 893 2994 993 potentia
3013 932 3056 969 .·
3087 890 3277 976 Non
3319 888 3426 969 'est
3458 889 3689 993 igitur
3722 891 3818 986 isi-

608 1002 1060 1104 positionem
1111 995 1323 1075 facit.
1378 997 1546 1073 Hoc
1597 1010 1843 1073 autem
1879 992 2155 1097 proces·
2256 1017 2353 1075 eo
2399 994 2647 1095 aliqua
2693 992 3126 1094 compofitio
3255 1046 3284 1075 ·,
3809 1060 3824 1083 ,

601 1103 700 1182 sit
752 1126 842 1179 ex
892 1096 1304 1196 ignorantia
1326 1149 1352 1190 ‚
1404 1119 1557 1195 qua
1600 1096 1907 1179 nescivit
1980 1096 2162 1194 quid
2366 1125 2434 1174 2.
2489 1100 2682 1175 Item
2700 1154 2730 1174 2
2773 1098 3026 1175 Omne
3074 1090 3563 1195 compositum
3587 1092 3816 1193 poste-

611 1202 807 1280 inter
884 1197 1373 1277 differentiam
1414 1251 1442 1293 ,
1509 1198 1583 1275 8<
1656 1197 2160 1287 diversitatem
2260 1198 2410 1293 rius
2437 1195 2538 1276 est
2590 1196 2732 1278 suis
2761 1196 3387 1297 componentibus
3415 1253 3438 1273 .
3474 1196 3814 1309 Primum

609 1301 896 1382 intersit
942 1357 961 1377 .
1036 1299 1406 1378 Differens
1481 1300 1685 1378 enim
1716 1328 1750 1393 ,ς
1801 1318 1883 1379 ut
1930 1298 2017 1387 in
2070 1300 2163 1378 X.
2268 1323 2446 1399 ergo
2497 1324 2679 1395 em,
2731 1300 2929 1399 quod
2979 1302 3186 1380 Deus
3231 1294 3818 1394 estffl‚exssnulhs

609 1402 953 1501 Metaph.
1007 1401 1034 1498 (
1088 1417 1260 1481 text.
1308 1426 1581 1479 comm.
1632 1428 1723 1479 χι
1746 1431 1803 1480 1.
1859 1402 1888 1500 )
1936 1400 2165 1479 dete&
2264 1400 2752 1502 compofitum
2799 1399 2901 1478 est
2926 1454 2946 1476 .
3115 1430 3126 1437 ·
3323 1446 3332 1452 -
3823 1416 3826 1419 ⁷

610 1504 980 1597 minatur,
1032 1502 1298 1581 dicitur
1330 1505 1422 1581 ad
1457 1502 1737 1600 aliqu'd
1790 1528 1966 1581 nam
2003 1527 2163 1587 om·

609 1631 717 1683 nex
755 1602 1101 1681 differens
1146 1603 1405 1701 aliquo
1453 1603 1551 1681 est
1657 1604 1671 1618 ’
1737 1628 1942 1681 erens
1982 1631 2012 1685 ε,
2055 1606 2160 1681 di·

2374 1530 2439 1603 3.
2493 1504 2800 1581 Adhuc.
2859 1504 3115 1581 Omne
3162 1476 3651 1600 compofitum
3707 1470 3820 1577 ests

2261 1605 2590 1704 potentia
2638 1601 3048 1683 dissolubile
3079 1655 3107 1695 ‚
3158 1618 3519 1699 quantum
3566 1600 3674 1677 est
3719 1623 3816 1681 ex

607 1706 898 1803 versum
970 1718 1225 1783 autem
1305 1703 1590 1803 aliquid
1657 1703 1984 1781 absolute
2055 1703 2166 1787 die·
2258 1704 2544 1787 ratione
2607 1701 3152 1801 compositionis
3196 1752 3221 1791 ‚
3296 1700 3470 1779 licet
3519 1701 3604 1781 in
3652 1700 3819 1812 qui:

614 1903 1059 1987 Differentia
1085 1902 1309 2000 igitur
1358 1903 1439 1979 in
1492 1901 1606 1999 his
1650 1907 2029 2002 quaerenda
2067 1901 2166 1981 est

615 2032 777 2107 quae
831 2006 912 2084 in
964 2003 1220 2099 aliquo
1286 2004 1736 2082 conveniunt
1787 2031 1805 2079 ε
1880 2015 2171 2103 oportet

613 2108 818 2191 enim
870 2102 1153 2199 aliquid
1202 2101 1282 2178 in
1332 2102 1438 2179 eis
1511 2101 1847 2199 affignari
1923 2104 2163 2182 secun-

554 2295 569 2307 ,
614 2209 793 2285 dum
846 2203 1043 2303 quod
1095 2198 1437 2279 differant
1491 2201 1759 2296 „sicut
1786 2204 1962 2281 duae
2017 2203 2163 2302 spe-

488 1882 493 1888 .
609 1808 801 1886 citur
825 1858 857 1897 ‚
906 1829 997 1883 ex
1048 1801 1191 1884 hoc
1244 1806 1443 1900 quod
1493 1828 1646 1880 non
1724 1803 1822 1882 est
1899 1804 2095 1880 idem
2138 1857 2161 1876 .
2260 1803 2564 1883 busdam
2614 1802 2702 1880 fit
2785 1800 3068 1898 aliquid
3115 1798 3316 1876 aliud
3364 1798 3816 1879 dissolutioni

2449 1927 2719 2002 gnans.
2775 1901 3000 1999 Quod
3050 1917 3300 1995 autem
3350 1897 3449 1976 est
3525 1897 3816 1981 dissblue
3863 1992 3866 1993 ⁷

2266 2003 2339 2081 b·
2375 2027 2420 2079 e
2460 2057 2489 2097 ‚
2567 2000 2668 2078 est
2742 2001 2822 2080 in
2873 2001 3201 2100 potentia
3250 2001 3340 2077 ad
3389 2025 3544 2079 non
3590 2000 3734 2077 effe
3785 2023 3814 2085 ,ε

2315 2103 2462 2181 uod
2494 2106 2665 2181 Deo
2710 2128 2862 2180 non
2909 2099 3495 2199 competit‚cum
3547 2099 3637 2179 fit
3683 2121 3818 2199 pet

2296 2227 2339 2278 e
2389 2205 2664 2281 necesse
2713 2203 2854 2280 effe
2888 2258 2909 2279 .
2962 2203 3148 2281 Non
3204 2198 3305 2278 est
3356 2224 3538 2300 ergo
3585 2201 3670 2280 in
3719 2222 3818 2281 eo

613 2306 760 2386 cies
811 2301 1262 2384 conveniunt
1313 2302 1393 2378 in
1445 2326 1709 2401 genere
1746 2357 1774 2395 ‚
1852 2306 2042 2380 unde
2091 2331 2168 2381 o-
2268 2304 2519 2402 aliqua
2589 2301 3020 2401 compofitio
3060 2358 3080 2377 .
3219 2356 3222 2357 ν

613 2422 854 2509 portet
904 2403 1101 2503 quod
1146 2401 1573 2483 differentiis
1620 2402 2166 2503 distinguantur.

2373 2432 2444 2501 4.
2500 2404 2894 2502 Amplius,
2925 2403 3201 2481 Omnis
3233 2396 3666 2502 compofitio
3702 2402 3820 2484 ina·

482 2552 485 2555 ·
619 2513 713 2587 In
790 2506 906 2584 his
978 2520 1226 2581 autem
1294 2529 1454 2603 quae
1522 2504 1602 2582 in
1650 2504 1861 2583 nullo
1907 2530 2167 2583 conve·
2267 2504 2474 2604 diget
2543 2503 2801 2603 aliquo
2861 2521 3410 2602 componente:
3465 2502 3533 2581 fi
3605 2502 3815 2584 enim

614 2608 882 2701 nium,
932 2629 1084 2682 non
1136 2604 1233 2680 est
1287 2605 1758 2703 quaerendum
1786 2660 1811 2699 ‚
1839 2632 1992 2705 quo
2034 2605 2169 2683 dis·
2268 2605 2700 2705 compofitio
2746 2603 2893 2697 est,
2945 2627 3036 2682 ex
3087 2603 3416 2703 pluribus
3462 2600 3614 2679 est:
3649 2624 3818 2716 qua

619 2707 900 2800 ferant,
954 2705 1072 2783 sed
1125 2704 1193 2781 se
1246 2704 1421 2803 ipsis
1472 2706 1750 2797 diversa
1802 2707 1998 2785 sunt:
2057 2707 2163 2786 sic
2263 2724 2514 2783 autem
2565 2703 2953 2783 secundum
3001 2703 3102 2780 -se
3176 2703 3339 2781 sunt

3461 2701 3681 2795 lura,
3729 2726 3817 2786 m

620 2807 827 2887 enim
876 2806 948 2887 8<
1000 2806 1349 2903 oppositae
1400 2806 1825 2890 differentiae
1894 2810 1988 2885 ab
2053 2808 2162 2886 in·
2264 2831 2498 2886 unum
2546 2830 2697 2884 non
2747 2803 3199 2886 conveniunt
3220 2857 3248 2899 ,
3298 2802 3380 2881 ni
3431 2855 3432 2858 κ
3513 2803 3612 2882 ab
3678 2800 3814 2888 ali·

623 2909 870 2985 vicem
921 2903 1455 3005 distinguntur:
1499 2932 1649 2987 non
1701 2909 1902 2986 enim
1955 2908 2169 3009 parti-

623 3009 878 3106 cipant
927 3030 1155 3104 genus
1205 3007 1402 3105 quast
1456 3027 1739 3106 partem
1787 3009 1918 3088 suae
1951 3011 2169 3086 effen-

626 3108 789 3186 tiae:
838 3106 918 3184 23(
975 3106 1143 3181 ideo
1189 3133 1339 3183 non
1391 3107 1490 3183 est
1523 3114 1987 3208 quaerendum
2016 3111 2170 3209 qui-

627 3211 765 3286 bus
816 3204 1200 3294 differant,
1257 3206 1329 3281 se
1380 3207 1554 3304 ipsis
1611 3211 1814 3287 enim
1894 3213 2173 3289 diversa

629 3310 793 3386 sunt
830 3362 850 3381 .
904 3305 1028 3384 Sic
1080 3306 1306 3382 etiam
1376 3310 1580 3387 Deus
1618 3362 1646 3402 ‚
1712 3311 1784 3386 8<
1864 3311 2169 3388 materia

626 3411 869 3509 prima
916 3404 1457 3503 distinguuntur
1496 3460 1524 3502 ‚
1573 3434 1887 3507 quorum
1940 3435 2172 3487 unum

628 3509 729 3588 est
784 3503 986 3584 atius
1037 3531 1295 3604 purm,
1347 3509 1546 3588 aliud
1600 3510 1924 3607 potentia
1977 3534 2180 3609 pura,

629 3612 712 3690 in
762 3606 970 3687 nullo
1019 3607 1617 3688 convenientiam
1668 3609 2019 3690 habentes
2053 3667 2079 3687 .

908 3765 964 3827 C
1051 3768 1110 3829 A
1199 3767 1245 3827 P
1332 3767 1393 3831 U
1480 3769 1542 3830 T
1664 3770 1933 3832 XVIII.

848 3886 1026 3972 Quod
1064 3887 1122 3945 in
1163 3885 1280 3946 Deo
1321 3888 1479 3950 nulla
1515 3889 1589 3966 [ἴε
1633 3889 1935 3971 compositio
1952 3879 1978 3955 ,Δ

635 4008 870 4196 EX
902 4004 1271 4108 praemisfis
1289 4028 1538 4087 autem
1556 4007 1893 4087 concludi
1916 4009 2173 4109 potest,

850 4109 1052 4210 quod
1077 4109 1158 4185 in
1182 4109 1349 4184 Deo
1371 4109 1574 4187 nulla
1604 4108 1691 4187 fit
1725 4110 2178 4208 compositio,

751 4236 813 4286 1.
862 4213 1072 4292 Nam
1117 4208 1200 4283 in
1261 4210 1468 4287 omni
1518 4209 1924 4308 compofito
1968 4235 2176 4313 opor·

637 4320 748 4384 tet
799 4309 937 4384 effe
986 4305 1238 4385 aetum
1276 4362 1304 4402 ‚
1352 4311 1425 4387 &
1477 4309 1885 4410 potentiam
1932 4339 1948 4382 :
2030 4337 2184 4392 non

643 4407 850 4485 enim
903 4407 1109 4508 plura
1180 4411 1472 4505 possunt
1532 4410 1667 4487 fim
1718 4410 1959 4488 liciter
2020 4411 2184 4490 fieri

639 4532 927 4601 unum,
977 4506 1110 4583 nisi
1162 4507 1437 4608 aliquid
1485 4510 1594 4588 ibi
1673 4510 1988 4591 matius
2033 4566 2058 4605 ‚
2108 4516 2183 4593 8<

640 4608 923 4710 aliquid
980 4611 1328 4707 potentia
1373 4665 1396 4687 .
1470 4614 1657 4709 Quae
1736 4612 1944 4690 enim
2015 4633 2182 4692 actu

641 4709 810 4790 sunt
843 4762 872 4804 ‚
950 4734 1104 4786 non
1152 4710 1505 4788 uniuntur
1552 4710 1684 4789 nisi
1708 4758 1712 4762 <
1735 4712 1930 4812 quasi
1983 4714 2186 4793 colli·

634 4825 805 4909 gata
825 4863 851 4905 ,
899 4809 1025 4889 vel
1073 4809 1253 4890 ficut
1299 4826 1734 4909 congregata
1752 4866 1787 4928 ⁹.
1816 4840 1973 4913 quae
2023 4841 2177 4894 non

632 4910 803 4991 sunt
876 4936 1111 5003 unum
1188 4911 1615 5017 fimpliciter
1657 4966 1689 5013 ‚
1765 4939 1850 4996 m
1913 4915 2177 5017 quibus

2271 2933 2423 3007 quo
2469 2922 2957 3004 componente
3007 2905 3358 2983 uniantur
3378 2959 3397 2979 .
3451 2903 3530 2981 Si
3584 2901 3815 3003 igitur

2270 3008 2720 3109 compositus
2768 3007 2943 3084 effer
2990 3011 3234 3097 Deu3‚
3269 3004 3571 3081 haberet
3618 3027 3823 3083 com·

2271 3128 2715 3210 ponentem:
2767 3132 2921 3184 non
2968 3106 3172 3183 enim
3222 3104 3370 3204 ipse
3423 3104 3493 3181 se
3577 3103 3817 3204 ipsum

2271 3233 2710 3309 componere
2737 3210 3004 3307 poss'et,
3038 3207 3216 3306 quia
3263 3203 3451 3282 nihil
3502 3199 3604 3282 est
3653 3227 3819 3281 caua

2274 3311 2374 3386 sa.
2414 3310 2519 3387 sui
2597 3309 2820 3407 ipsius
2870 3363 2898 3401 ‚
2948 3310 3121 3385 ess'et
3195 3305 3398 3406 enim
3477 3304 3674 3404 prius
3745 3303 3816 3380 se

2271 3409 2476 3508 ipso,
2529 3410 2725 3506 quod
2776 3407 2875 3483 est
2926 3406 3364 3506 impoffibile
3404 3461 3423 3479 .
3498 3409 3828 3502 compo.

2281 3533 2464 3587 nens
2510 3525 2759 3585 autem
2811 3507 2909 3584 est
2963 3508 3169 3587 causa
3225 3505 3552 3584 efficiens
3617 3527 3821 3582 com-

2282 3609 2551 3710 positi.
2611 3611 2817 3706 Ergo
2889 3613 3093 3687 Deus
3162 3608 3460 3685 haberet
3530 3603 3821 3684 causam

2273 3711 2785 3799 efficientem3
2863 3710 2934 3788 &
3001 3709 3104 3787 sic
3173 3717 3324 3785 non
3391 3706 3566 3786 effet
3610 3703 3825 3784 causa

2274 3813 2566 3912 prima,
2613 3813 2811 3908 quod
2861 3808 3302 3910 supra(cap.
3353 3834 3577 3887 x111.
3613 3805 3668 3905 ).
3698 3805 3828 3890 hm

2272 3914 2515 3990 bitum
2565 3910 2704 3987 est.
3159 3919 3160 3922 ‘

2384 4038 2451 4109 ς.
2504 4018 2694 4088 Item
2737 4068 2758 4087 .
2816 4015 2905 4088 In
2955 4009 3287 4109 quolibet
3335 4032 3602 4108 genere
3666 4021 3827 4087 tan-

2280 4125 2366 4190 to
2413 4110 2690 4209 aliquid
2741 4109 2839 4187 est
2893 4110 3283 4202 nobilius,
3334 4127 3609 4208 quanto
3659 4107 3823 4186 fim-

2281 4212 2591 4313 plicius3
2640 4212 2827 4290 sicut
2881 4212 2959 4287 in
3010 4233 3275 4309 genere
3319 4210 3546 4288 calidi
3579 4209 3823 4308 ignis,

2284 4312 2417 4489 ῗιιί
2446 4339 2598 4393 non
2631 4314 2849 4390 habet
2897 4310 3218 4410 aliquam
3252 4310 3826 4410 permixtionem

2318 4415 2534 4511 rigidi
2555 4472 2584 4491 .,
2629 4413 2854 4513 Quod
2926 4411 3158 4511 igitur
3219 4410 3322 4488 est
3369 4411 3458 4489 in
3502 4411 3650 4490 fine
3693 4419 3834 4496 ns)-

2285 4513 2596 4594 bilitatis
2641 4514 2982 4593 omnium
3032 4512 3318 4592 entium
3335 4524 3680 4614 ‚oportet
3724 4510 3836 4596 ef«.

2282 4615 2354 4691 se
2407 4616 2486 4693 in
2538 4616 2684 4693 fine
2732 4612 3261 4714 simplicitatis.
3340 4619 3510 4695 Hoc
3577 4630 3829 4692 autem

2286 4718 2487 4815 quod
2537 4717 2639 4796 est
2688 4715 2768 4795 in
2799 4715 2969 4794 fine
3017 4717 3426 4798 nobilitatis
3482 4713 3827 4794 omnium

2276 4819 2561 4897 entium
2615 4874 2647 4915 ‚
2712 4818 3025 4898 dicimus
3092 4823 3340 4900 Deum
3383 4871 3413 4912 ‚
3489 4840 3660 4894 cum
3737 4812 3830 4892 fit

2271 4919 2515 5020 prima
2546 4920 2790 5003 causa:
2842 4920 3056 5002 eausa
3087 4921 3290 5000 enim
3339 4915 3440 4996 est
3491 4914 3822 5092 nobilissg
