4597 5696
1252 387 1874 478 coNTRA
1959 385 2714 460 σ-εΝτιςιες
2800 381 3058 456 Lm:
3137 383 3239 447 11.

646 561 654 570 .
705 530 787 605 3.·
832 499 1201 602 Amplius.
1235 500 1658 588 Harmonia
1712 498 1983 578 dicitur
2030 499 2155 576 du·

581 604 939 710 pliciter:
998 631 1145 682 uno
1198 605 1427 682 modo
1480 602 1632 701 ipsa
1685 599 2157 700 compofitim,

589 710 745 789 alio
796 707 1025 784 modo
1079 705 1270 785 ratio
1322 702 1917 803 compofitionis.
1973 703 2157 782 Ani,-

593 837 720 889 ma
775 825 1025 885 autem
1084 827 1235 885 non
1287 805 1386 882 est
1444 803 1934 906 compositio,
1986 803 2159 904 quia

588 925 970 1011 oporteret
1021 910 1220 1008 quod
1277 931 1732 1006 unaquaeque
1795 931 1955 1006 pars
2008 904 2159 981 ani-

586 1039 731 1114 ma}
804 1011 975 1087 ess'et
1042 1008 1481 1110 compositio
1532 1008 1956 1107 aliquarum
2010 1030 2157 1105 par-

593 1115 789 1193 tium
842 1111 1217 1210 corporis,
1270 1111 1465 1211 quod
1505 1129 1657 1188 non
1710 1108 1808 1187 est
1865 1109 2162 1209 affigna·

589 1241 669 1297 re
723 1270 741 1290 .
815 1212 1183 1292 Similiter
1254 1239 1407 1291 non
1458 1212 1556 1289 est
1612 1211 1803 1289 ratio
1858 1237 2163 1310 compo·

590 1314 874 1398 fitionis
923 1371 949 1410 ‚
1000 1317 1177 1415 quia
1227 1340 1401 1395 cum
1456 1314 1534 1392 in
1587 1312 1882 1391 diverfis
1938 1313 2156 1411 parti-

596 1421 733 1497 bus
808 1417 1138 1517 corporis
1207 1415 1345 1496 slnt
1413 1415 1711 1496 diversae
1778 1415 2097 1493 rationes
2133 1468 2159 1509 ,

598 1520 722 1598 seu
772 1518 1279 1619 proportiones
1331 1515 1883 1618 compositionis
1938 1571 1964 1610 ‚
2027 1515 2157 1593 iin-

596 1618 788 1721 gulae
841 1636 1083 1721 partes
1134 1621 1462 1718 corporis
1523 1621 1871 1697 haberent
1926 1617 2158 1716 fingu-

602 1724 707 1801 las
763 1723 1101 1801 animas:
1153 1723 1379 1800 aliam
1409 1721 1612 1800 enim
1655 1719 1986 1797 animam
2040 1719 2160 1794 ha-

601 1825 810 1904 beret
861 1850 944 1903 os
997 1879 1023 1920 ,
1074 1824 1147 1904 8(
1201 1849 1433 1918 caro,
1484 1824 1557 1901 8(
1619 1846 1934 1914 nerim,
1985 1844 2160 1900 cum

600 1925 746 2006 fint
796 1926 1189 2005 secundum
1218 1925 1579 2016 diversam
1610 1923 2160 2024 proportionem

601 2026 1007 2128 composita
1049 2053 1067 2103 ε
1144 2029 1344 2127 quod
1413 2045 1615 2127 patet
1665 2026 1803 2104 effe
1857 2023 2159 2104 falsum.

606 2131 797 2214 Non
848 2128 947 2211 est
1001 2128 1229 2228 igitur
1266 2129 1532 2208 anima
1584 2125 2009 2206 harmonia.

911 2285 969 2343 C
1053 2280 1115 2343 Α
1205 2280 1251 2343 Ρ
1339 2281 1398 2344 U
1486 2279 1548 2342 T
1674 2279 1882 2342 LXV.

926 2410 1105 2498 Quod
1142 2413 1340 2472 anima
1382 2434 1497 2472 non
1528 2410 1603 2488 fit
1645 2426 1869 2494 corpus.

775 2536 1072 2616 Uetunt
1121 2551 1371 2612 autem
1440 2532 1517 2612 8(
1569 2531 1700 2611 alii
1772 2529 2013 2632 magis
2064 2554 2174 2609 er·

824 2654 1065 2718 rantes
1105 2688 1131 2730 ‚
1210 2653 1562 2736 ponentes
1629 2635 1961 2713 animam
2030 2634 2172 2711 effe

612 2764 929 2838 corpus:
985 2760 1304 2835 quorum
1354 2736 1742 2833 opiniones
1793 2735 1968 2811 licet
2019 2731 2170 2811 fue·

617 2838 772 2917 rint
825 2836 1125 2916 diversae
1177 2891 1204 2929 ‚
1255 2836 1329 2913 8(
1378 2836 1597 2913 variae
1651 2889 1679 2931 ‚
1731 2833 2003 2913 sufficit
2052 2858 2172 2915 eas

615 2940 743 3021 hic
795 2935 1291 3017 communiter
1338 2939 1726 3037 reprobare
1748 2991 1766 3011 .

736 3066 796 3118 1.
855 3038 1209 3118 Viventia
1261 3038 1466 3117 enim
1500 3094 1526 3135 ‚
1578 3064 1755 3117 cum
1795 3033 1933 3117 fint
1983 3060 2173 3136 quae·

620 3144 798 3226 dam
871 3165 984 3218 res
1058 3141 1421 3222 naturales
1459 3197 1485 3236 ‚
1557 3141 1723 3220 sunt
1771 3138 2173 3241 compotita

620 3270 717 3326 ex
767 3240 1077 3323 materia
1127 3242 1201 3320 8(
1251 3240 1489 3320 forma
1536 3297 1554 3318 .
1607 3246 2175 3343 componuntur

621 3364 873 3425 autem
943 3369 1035 3423 ex
1099 3369 1404 3445 corpore
1473 3343 1548 3423 8(
1597 3344 1850 3421 anima
1902 3403 1929 3441 ,
2015 3369 2173 3443 quae

622 3446 802 3529 facit
856 3445 1185 3524 viventia
1261 3444 1429 3525 anu
1468 3503 1487 3522 .
1570 3446 1804 3546 Igitur
1882 3461 2177 3545 oportet

621 3548 937 3628 alterum
992 3544 1295 3626 istorum
1347 3548 1489 3624 esse
1542 3545 1903 3641 formam,
1953 3546 2027 3624 8(
2076 3544 2175 3623 al·

623 3668 867 3729 terum
921 3649 1345 3727 materiam.
1397 3653 1681 3748 Corpus
1722 3666 1970 3726 autem
2023 3673 2177 3727 non

622 3749 857 3854 potest
911 3750 1050 3827 effe
1104 3749 1341 3829 forma
1384 3806 1413 3847 ‚
1482 3750 1663 3849 quia
1713 3775 1973 3849 corpus
2023 3774 2178 3828 non

624 3853 727 3932 est
808 3852 888 3930 in
939 3852 1172 3932 altero
1250 3852 1431 3932 ficut
1496 3852 1578 3930 in
1652 3850 1957 3929 materia
2009 3906 2035 3945 ‚
2101 3852 2178 3930 8(

627 3951 956 4050 subietsto
991 4010 1012 4030 .
1092 3954 1370 4033 Anima
1420 3953 1651 4053 igitur
1701 3952 1843 4032 erit
1895 3953 2172 4033 forma:

624 4082 807 4157 ergo
884 4080 1043 4133 non
1092 4055 1190 4133 est
1243 4062 1505 4157 corpus
1541 4110 1568 4151 ‚
1635 4080 1811 4136 cum
1887 4054 2178 4134 nullum

624 4182 887 4260 corpus
939 4156 1027 4235 fit
1077 4153 1316 4235 forma
1348 4214 1368 4235 .

736 4287 806 4337 2.
866 4257 1168 4337 Adhuc.
1224 4258 1672 4361 Impoffibile
1699 4257 1799 4337 est
1832 4259 1981 4339 duo
2030 4284 2186 4339 cor-

626 4382 809 4465 pora
858 4358 995 4436 effe
1050 4357 1260 4443 fimul
1301 4419 1322 4438 .
1400 4361 1680 4440 Anima
1731 4382 1980 4443 autem
2033 4384 2187 4440 non

626 4460 730 4549 est
785 4458 1099 4539 seorsum
1170 4485 1214 4538 a
1264 4486 1571 4561 corpore
1606 4517 1635 4560 ‚
1718 4465 1898 4543 dum
1948 4463 2187 4543 vivit.

629 4565 825 4645 Non
872 4560 971 4640 est
1024 4562 1252 4661 igitur
1300 4564 1555 4642 anima
1604 4589 1865 4664 corpus
1891 4621 1912 4642 .

741 4693 809 4767 3.
861 4664 1230 4764 Amplius,
1256 4667 1509 4747 Omne
1554 4691 1817 4767 corpus
1869 4664 2189 4745 divifibi·

629 4764 705 4847 le
755 4765 855 4845 est
898 4770 947 4843 .’
974 4768 1225 4846 Omne
1276 4786 1530 4846 autem
1579 4766 1939 4873 divisibile
2008 4760 2191 4848 indi·

634 4886 764 4970 get
825 4869 1085 4968 aliquo
1153 4869 1581 4949 continente
1624 4926 1653 4966 ‚
1735 4870 1810 4948 8(
1883 4870 2187 4950 uniente

635 4987 881 5079 partes
931 4969 1129 5071 eius.
1183 4972 1265 5058 Si
1313 4972 1542 5076 igitur
1591 4972 1842 5054 anima
1894 4971 1982 5054 s1t
2030 4997 2189 5057 cor-³

1028 5186 1075 5213 ρ

3709 403 3818 448 221

2259 513 2436 596 pus,
2488 492 2799 573 habebit
2835 493 3141 594 aliquid
3172 492 3375 573 aliud
3407 496 3827 595 continens,

2259 599 2334 675 8(
2387 596 2569 674 illud
2624 597 2867 696 magis
2919 596 3066 676 erit
3118 597 3370 675 anima
3411 627 3428 671 :
3483 599 3826 680 videmus

2259 699 2466 778 enim
2518 700 2772 777 anima
2846 701 3230 779 recedente
3273 722 3538 801 corpus
3587 701 3822 779 diss'ol·

2261 802 2400 879 vi.
2459 803 2559 884 Et
2613 801 2659 880 fi
2718 801 2858 881 hoc
2911 802 3178 881 iterum
3269 799 3357 878 fit
3406 801 3824 898 divisibile,

2264 904 2639 1003 oportebit
2737 903 2859 982 vel
2931 901 3281 982 devenire
3355 905 3445 984 ad
3522 904 3827 1005 aliquod

2267 1003 2718 1085 indivifibile
2751 1060 2778 1101 ‚
2828 1005 2904 1083 8(
2957 1006 3552 1106 incorporeum.⁹
3624 1008 3826 1105 quod

2266 1108 2410 1185 erit
2459 1108 2708 1186 anima
2760 1162 2786 1201 ‚
2858 1107 2978 1184 vel
3068 1106 3211 1184 erit
3284 1108 3364 1186 in
3448 1109 3825 1198 infinitum

2268 1212 2700 1308 procedere,
2753 1212 2949 1307 quod
2987 1207 3084 1285 est
3116 1210 3593 1308 imposfibile.
3640 1213 3825 1290 Non

2260 1310 2358 1388 est
2414 1312 2644 1412 igitur
2694 1312 2943 1388 anima
2995 1336 3300 1410 corpus.
3426 1387 3431 1392 .
3786 1351 3795 1364 ·

2287 1494 2293 1499 ,
2362 1440 2437 1510 4.
2502 1420 2733 1491 ltem.
2791 1413 3000 1491 Sicut
3057 1412 3269 1511 supra
3316 1412 3821 1513 (cap.xhx.)

2262 1515 2661 1614 probatum
2736 1513 2835 1594 est
2888 1567 2914 1610 ‚
2986 1514 3060 1592 8(
3150 1514 3229 1592 in
3299 1519 3523 1598 ..VIII-
3603 1515 3820 1618 Phys.

2261 1618 2291 1716 (
2351 1633 2540 1695 text.
2608 1641 2809 1695 com.
2865 1616 2965 1694 xl.
3054 1612 3252 1696 infra
3308 1616 3378 1714 ),
3412 1618 3820 1716 probatur,

2262 1742 2493 1796 omne
2543 1743 2865 1802 ,movens
2918 1717 2988 1794 se
3023 1715 3264 1816 ipsum
3319 1720 3813 1817 componitur

2262 1843 2356 1897 ex
2408 1820 2743 1915 duobus,
2782 1844 3108 1918 quorum
3147 1819 3465 1897 alterum
3510 1820 3611 1900 est
3655 1845 3815 1898 mo-

2262 1945 2529 2034 vent-23,
2575 1919 2652 1999 8(
2707 1947 2860 1999 non
2914 1937 3211 1998 motum
3264 1977 3295 2017 ,
3359 1922 3434 2000 8(
3486 1925 3815 2002 alterum

2263 2021 2366 2102 est
2420 2041 2759 2101 motum.
2818 2021 2960 2104 Sed
3000 2022 3282 2101 animal
3339 2021 3440 2101 est
3494 2048 3818 2122 movens

2266 2123 2340 2202 se
2392 2123 2637 2223 ipsum
2689 2152 2716 2218 τ,
2802 2148 3119 2204 movens
3189 2141 3445 2206 autem
3521 2125 3602 2204 in
3658 2123 3824 2224 ipso

2266 2224 2371 2304 est
2424 2225 2679 2302 anima
2728 2279 2756 2321 ‚
2826 2242 3125 2308 motum
3198 2242 3453 2307 autem
3507 2251 3820 2328 corpus.

2274 2326 2564 2407 Anima
2637 2326 2870 2427 igitur
2935 2325 3035 2405 est
3090 2351 3402 2408 movens
3454 2354 3607 2407 non
3661 2354 3823 2408 mo·

2268 2446 2437 2514 tum
2509 2486 2529 2506 .
2601 2429 2933 2508 Nullum
3003 2448 3258 2510 autem
3345 2454 3611 2530 corpus
3662 2455 3826 2510 mo-

2273 2548 2405 2609 vet
2460 2529 2597 2609 nisi
2652 2549 2945 2610 motum
2979 2585 3008 2625 ‚
3059 2533 3087 2629 (
3132 2550 3219 2611 ut
3271 2531 3479 2628 supra
3536 2531 3704 2609 Lib.
3760 2534 3824 2611 1.

2273 2657 2437 2729 cap.
2491 2656 2716 2710 x111.
2775 2630 2803 2728 )
2859 2632 3260 2729 probatum
3314 2629 3413 2712 est
3453 2686 3472 2708 .
3528 2631 3821 2713 Anima

2270 2731 2505 2831 igitur
2555 2757 2709 2809 non
2762 2731 2864 2821 est
2893 2757 3203 2831 corpus.
3749 2821 3758 2828 ,

2389 2860 2448 2929 ς.
2508 2834 2904 2913 Praeterea.
2959 2836 3191 2933 Supra
3244 2834 3274 2933 (
3327 2860 3488 2936 cap.
3532 2834 3653 2918 lxi
3676 2863 3734 2916 1.
3792 2830 3823 2935 )

2277 2934 2644 3015 ostensum
2713 2935 2812 3014 est
2886 2937 3088 3034 quod
3160 2937 3594 3037 intelligere
3666 2965 3823 3019 non

2282 3036 2516 3136 potest
2587 3038 2727 3115 effe
2803 3035 3000 3118 affio
3074 3037 3388 3137 alicuius
3439 3042 3816 3142 corporis.

2276 3139 2407 3244 Est
2459 3156 2716 3221 autem
2757 3139 2962 3221 ailus
2998 3140 3303 3222 animae.
3364 3145 3647 3224 Anima
3686 3142 3824 3245 igi·

2277 3261 2402 3321 tur
2451 3295 2480 3338 ‚
2549 3242 2640 3319 ad
2712 3242 2967 3322 minus
3051 3242 3513 3325 intellefiiva
3559 3299 3587 3342 ‚
3664 3269 3824 3327 non

2276 3342 2376 3422 est
2431 3368 2740 3441 corpus.

2388 3447 2498 3521 Ea
2571 3464 2826 3521 autem
2902 3444 3192 3546 quibus·
3260 3444 3511 3544 aliqui.
3567 3446 3820 3528 conati

2277 3543 2449 3624 sunt
2516 3546 2832 3646 probare
2911 3549 3250 3627 animam
3303 3549 3443 3627 ess'e
3494 3574 3818 3652 corpus,

2280 3647 2501 3729 facile
2539 3645 2634 3725 est
2676 3647 3007 3728 solvere.

2385 3747 2804 3831 Ostendunt
2854 3751 3062 3830 enim
3101 3750 3436 3834 animam
3477 3755 3617 3833 effe
3668 3780 3828 3835 cor·

2278 3875 2459 3952 pu3‚
2513 3876 2642 3952 per
2692 3852 2838 3931 hoc
2890 3852 3090 3954 quod
3145 3853 3342 3933 filius
3379 3856 3825 3936 affimilatur

2280 3953 2477 4054 patri
2531 3953 2764 4032 etiam
2817 3954 2899 4032 in
2955 3954 3480 4047 accidentibus
3529 3959 3828 4055 animae,

2263 4082 2457 4146 ‚curn
2517 4074 2767 4137 tamen
2820 4055 3019 4142 filius
3070 4076 3474 4157 generetur
3524 4086 3566 4137 a
3623 4076 3831 4158 patre

2292 4181 2423 4257 per
2473 4157 2917 4239 decifionem
2953 4160 3421 4259 corporalem
3442 4187 3501 4260 ;‚
3535 4161 3610 4240 8(
3645 4161 3829 4262 quia

2287 4258 2542 4355 anima
2596 4261 3058 4359 compatitur
3106 4261 3397 4361 corpori
3442 4316 3470 4356 ,
3519 4264 3596 4343 8(
3648 4261 3833 4364 quia

2286 4361 2665 4462 separatur
2735 4389 2780 4442 a
2847 4388 3158 4462 corpore
3231 4391 3265 4463 ,·
3337 4363 3651 4463 separari
3706 4390 3836 4449 au-

2289 4480 2442 4543 tem
2497 4465 2595 4544 est
2637 4491 3036 4567 corporum
3089 4466 3160 4545 se
3209 4467 3735 4565 tangentium.

2397 4568 2537 4649 Sed
2591 4588 2852 4649 contra
2907 4569 3070 4648 hoc·
3104 4624 3132 4666 ‚
3188 4567 3336 4667 jam
3391 4566 3677 4651 dicium
3731 4563 3841 4650 est

2291 4665 2324 4766 (
2373 4693 2535 4768 cap.
2587 4670 2842 4761 lxm.
2897 4669 2980 4750 in
3033 4670 3579 4771 calce·):quod
3631 4696 3847 4752 com-

2290 4771 2547 4871 plexio
2598 4772 2921 4869 corporis
2973 4767 3074 4853 est
3139 4773 3570 4875 aliqualiter
3620 4773 3841 4853 causa

2290 4872 3046 4982 artimae2,paffionum
3093 4900 3253 4975 ‚per
3332 4876 3644 4965 modum
3700 4871 3846 4953 dis-

2285 4977 2681 5078 ponenti33
2731 4978 2989 5063 anima
3042 4979 3272 5064 etiam
3327 5003 3487 5059 non
3538 5000 3845 5099 compa·

4253 5326 4302 5373 ,ιι

4317 5386 4356 5429 ἢ.
