4597 5696
745 441 876 492 xxx
1536 423 2566 490 DISSERTATIO
2650 429 3226 498 1⁵11AEle

733 536 1158 633 Christum,
1211 531 1613 613 hominum
1663 533 2063 634 adoptione
2112 534 2196 614 in
2246 532 2443 615 filios
2494 534 2642 614 Dei
2682 586 2708 631 ,
2774 534 3173 613 hereditate
3226 547 3491 613 aeterna
3520 589 3547 633 ,
3599 560 3760 637 quae
3810 536 3911 618 est

734 640 920 719 vifio
971 639 1165 717 clara
1218 638 1298 714 in
1355 635 1591 735 patria
1632 693 1652 713 .
1725 640 1915 717 Sunt
1966 635 2113 716 alia
2165 661 2344 715 vero
2379 691 2408 733 ,
2475 662 2636 738 quae
2685 660 2957 716 nexum
3031 637 3306 717 habent
3383 663 3554 718 cum
3612 660 3922 736 natura,

726 742 854 820 seu
910 766 1087 820 cum
1142 737 1469 835 effeffis,
1517 763 1680 839 quae
1734 737 2087 818 naturalia
2138 739 2648 841 appellamus:
2701 739 2828 840 qui
2881 755 3128 818 tamen
3182 765 3412 819 nexus
3463 740 3736 821 rationi
3790 768 3915 819 na-

728 844 956 924 turali
1011 867 1166 922 non
1218 859 1525 941 apparet
1566 896 1587 916 .
1666 843 1762 919 V.
1816 865 1887 942 g.
1943 841 2140 920 inter
2185 841 2521 920 conditas
2573 856 2939 923 creaturas
2981 895 3009 935 ,
3083 841 3370 943 tresque
3442 841 3914 924 Sanfflssimae

730 945 1137 1026 Trinitatis
1192 944 1527 1044 personas
1578 968 1807 1023 nexus
1860 941 1959 1021 est
2011 942 2449 1022 necessarius
2487 997 2515 1039 ,
2564 942 2804 1044 qualis
2852 941 3142 1024 causam
3196 944 3387 1024 inter
3438 945 3512 1023 8(
3563 941 3907 1023 εἱΐεᾶιιπι

726 1045 1175 1137 intercedit3
1222 1070 1396 1126 cum
1450 1062 1595 1126 tres
1645 1044 1915 1127 divinae
1963 1045 2280 1147 personae
2346 1044 2744 1125 creationis
2820 1069 3005 1145 opus
3045 1099 3073 1141 ,
3145 1044 3221 1123 8<
3272 1046 3476 1125 aliud
3525 1046 3911 1147 quodlibet

723 1151 823 1226 ad
875 1166 1077 1227 extra
1131 1147 1349 1227 simul
1402 1173 1574 1248 pera
1627 1168 1755 1228 ant
1788 1204 1807 1225 .
1881 1149 2148 1229 Nexus
2215 1162 2550 1228 attamen
2615 1148 2895 1227 rationi
2969 1145 3285 1226 naturali
3352 1175 3503 1227 non
3569 1164 3909 1249 apparet:

728 1251 1006 1352 quippe
1057 1275 1218 1349 quae
1270 1253 1364 1328 ab
1416 1251 1557 1328 effe
1636 1250 1698 1328 is
1747 1249 2045 1349 quidem
2098 1249 2456 1330 virtutem
2506 1274 2590 1328 ac
2642 1247 3264 1348 omnipotentiam
3329 1249 3621 1348 colligit
3673 1249 3916 1349 supre-

724 1353 843 1431 mi
896 1353 1340 1439 conditorisz
1390 1352 1622 1430 tribus
1675 1369 1930 1431 tamen
1980 1353 2338 1431 virtutem
2374 1352 2565 1431 hanc
2614 1352 2689 1429 8<
2719 1350 3394 1449 omnipotentiam,
3446 1374 3670 1430 unam
3722 1376 3917 1429 eam-

728 1455 1051 1553 demque
1085 1507 1113 1549 ,
1180 1452 1447 1551 absque
1499 1452 1853 1531 divisione
1908 1453 2460 1534 aediverfitate
2497 1509 2528 1551 ,
2609 1453 2828 1533 inesse
2880 1451 3159 1530 divinis
3209 1451 3536 1553 personis
3590 1478 3728 1533 nec
3775 1451 3920 1533 uti·

724 1578 875 1658 que
929 1553 1187 1649 novit,
1236 1573 1472 1654 neque
1524 1555 1719 1633 noss‘e
1769 1555 2009 1636 valet.

830 1651 985 1735 C‘ur
1037 1678 1218 1755 ergo
1272 1656 1463 1735 ratio
1517 1656 1913 1755 naturalis,
1962 1682 2124 1759 quae
2177 1656 2522 1737 veritates
2573 1653 3026 1755 hujusmodi,
3080 1653 3150 1733 se
3201 1654 3580 1752 consulta,
3634 1655 3918 1757 perspe-

722 1755 882 1838 flas
937 1757 1203 1836 habere
1258 1758 1560 1858 nequit,
1614 1757 1901 1837 easdem
1953 1761 2338 1860 negaverit
2390 1774 2517 1839 aut
2561 1758 2641 1835 in
2683 1762 2846 1836 Deo
2895 1757 3105 1851 dari,
3154 1775 3282 1835 aut
3311 1757 3624 1836 revelari
3677 1762 3913 1836 aDeo

721 1861 969 1961 posse,
1020 1878 1146 1937 aut
1196 1860 1549 1939 revelatas
1601 1887 1752 1938 non
1805 1862 1987 1957 effe,
2045 1878 2297 1961 utpote
2349 1859 2904 1942 commentitias
2961 1860 2987 1934 ἓ
3044 1863 3159 1939 Ac
3212 1857 3461 1959 primo
3509 1887 3755 1939 rerum
3808 1863 3916 1962 ip·

707 1958 971 2060 sarum
1004 1959 1462 2060 sensibilium
1501 1962 1865 2061 plurimas
1913 1990 2036 2042 nos
2075 1962 2561 2063 proprietates
2613 1961 3026 2060 ignoramus
3059 2017 3088 2059 ,
3157 1963 3187 2058 (
3236 1961 3458 2040 verba
3510 1962 3681 2042 sunt
3731 1967 3916 2042 San-

726 2059 837 2141 sti
891 2060 1211 2142 Thomae
1263 2062 1540 2138 ibidem
1595 2065 1854 2163 Capite
1920 2092 1999 2139 11
2023 2091 2083 2139 1.
2138 2064 2166 2161 )
2217 2090 2607 2161 earumque
2647 2062 3184 2161 proprietatum
3215 2116 3244 2155 ,
3312 2090 3486 2158 quas
3514 2061 3739 2160 sensu
3791 2082 3917 2163 ap-

713 2159 1274 2263 prehendimus,
1325 2161 1680 2240 rationem
1720 2160 2045 2263 perfeffe
2096 2160 2175 2240 in
2217 2163 2554 2262 pluribus
2604 2160 2948 2241 invenire
3013 2189 3158 2238 non
3195 2159 3559 2260 poffumus
3595 2218 3614 2238 .
3693 2164 3915 2243 Hanc

728 2261 1010 2342 mentis
1059 2279 1315 2341 creatae
1366 2263 1561 2342 circa
1615 2288 1727 2342 res
1777 2264 1960 2362 ipsas
2012 2264 2376 2343 naturales
2427 2262 3015 2343 imbecillitatem
3093 2262 3542 2361 amplissimo
3597 2262 3918 2344 trasiatu

723 2363 1183 2465 patefaciunt
1232 2364 1363 2443 alii
1418 2418 1437 2439 .
1496 2367 1719 2444 Hunc
1772 2362 2136 2464 defeHum
2192 2364 2271 2443 in
2323 2368 2529 2446 rebus
2576 2362 3069 2463 cognoscendis
3123 2364 3458 2463 Aquinas
3508 2362 3745 2443 noster
3794 2391 3918 2466 pa-

723 2464 890 2546 ucis
942 2464 1254 2545 indicat:
1310 2490 1585 2566 quem,
1641 2466 1928 2568 inquit,
1984 2466 2313 2567 quotidie
2362 2466 2777 2568 experimur
2802 2470 3005 2567 &An
3057 2489 3236 2564 ergo
3287 2465 3689 2543 vividiores
3718 2522 3746 2562 ,
3798 2486 3913 2548 tu·

724 2567 1096 2668 tioresque
1150 2569 1344 2647 vires
1394 2569 1662 2648 habeat
1713 2569 1904 2647 ratio
1955 2569 2191 2648 nostra
2244 2571 2336 2648 ad
2387 2595 2472 2646 ea
2499 2623 2527 2663 ,
2578 2594 2740 2669 quae
2794 2569 2942 2646 Dei
2997 2567 3160 2649 sunt
3215 2567 3774 2665 perscrutanda?

838 2674 1007 2749 Imo
1056 2670 1288 2749 multo
1340 2670 1652 2773 amplius
1703 2670 1907 2750 illius
1973 2670 2570 2765 excellentiffimae
2620 2666 3051 2771 substantiae
3098 2723 3126 2765 ,
3195 2695 3350 2783 quae
3416 2668 3661 2747 omnia
3710 2692 3911 2751 trar»

715 2770 1023 2874 [cendit
1075 2771 1632 2872 intelligibilia,
1684 2770 2136 2874 investigare
2185 2773 2502 2854 humana
2550 2769 2741 2854 ratio
2791 2798 2934 2850 non
2966 2764 3258 2870 sufficit
3294 2828 3312 2847 .
3367 2774 3522 2851 Cur
3573 2794 3755 2871 ergo
3804 2797 3913 2852 re-

730 2875 976 2951 velata
1029 2873 1415 2988 mysteria,
1466 2876 1558 2953 ad
1612 2876 2298 2954 excellentissimam
2353 2874 2871 2970 substantiam,
2922 2898 3083 2972 quae
3135 2874 3395 2951 omnia
3448 2875 3913 2974 transcendit,

623 3004 633 3010 ·
725 2976 1180 3077 pertinentia
1214 3029 1240 3069 ,
1293 3000 1386 3054 eo
1438 2976 1639 3075 quod
1692 3000 1778 3051 ea
1832 2977 2000 3055 satis
2052 3004 2201 3054 non
2253 2978 2456 3092 capis
2493 3030 2524 3074 ,
2603 3000 2844 3077 neque
2896 2975 3217 3055 rationes
3270 2999 3527 3053 eorum
3583 3000 3909 3076 comper-

719 3089 839 3157 tas
892 3076 1163 3172 habes,
1216 3076 1451 3157 veluti
1502 3077 2016 3157 commentitia
2066 3076 2404 3175 rejeceris
2452 3078 2481 3153 ἓ
2541 3083 2709 3158 Imo
2757 3076 3022 3155 divinae
3076 3075 3479 3155 substantiae
3529 3077 3736 3179 supra
3789 3105 3909 3158 na·

715 3190 965 3258 turam
1016 3196 1334 3259 creatam
1420 3203 1725 3259 omnem
1814 3179 2126 3258 excessus
2196 3180 2270 3259 id
2324 3180 2718 3258 necessario
2785 3177 3116 3279 exposcit
3156 3233 3184 3276 ,
3268 3196 3351 3258 ut
3403 3179 3590 3259 vires
3644 3179 3726 3258 in
3777 3207 3906 3261 na-

720 3293 891 3358 tura
941 3308 1093 3360 non
1147 3282 1529 3381 suppetant
1563 3335 1590 3378 ,
1636 3305 1804 3381 quae
1855 3280 2083 3381 ipsam
2136 3280 2547 3380 cujusmodi
2618 3280 2716 3360 est
2768 3279 2850 3359 in
2902 3280 2974 3359 se
3024 3278 3510 3380 adsequantur
3544 3336 3572 3379 ,
3638 3297 3766 3361 aut
3815 3307 3905 3363 ea

715 3405 883 3483 quae
933 3384 1024 3462 de
1076 3382 1225 3484 ipsa
1276 3380 1676 3481 cujusmodi
1731 3384 1828 3461 est
1883 3384 1963 3461 in
2015 3382 2086 3461 se
2137 3382 2524 3462 enunciari«
2563 3384 2896 3483 possunt,
2947 3383 3312 3481 attingere
3354 3382 3687 3462 valeant.
3744 3383 3903 3461 Mi·
4006 3396 4009 3400 ’

711 3508 882 3564 rum
934 3487 1251 3585 denique
1302 3485 1376 3564 8<
1425 3485 1812 3563 absurdum
1870 3483 2102 3581 foret,
2153 3483 2202 3563 fi
2259 3485 2514 3565 divina
2564 3484 2952 3564 substantia
3008 3485 3113 3563 ita
3160 3499 3420 3559 creatae
3473 3482 3745 3560 mentis
3771 3508 3904 3559 na-

718 3585 884 3666 tivo
939 3587 1207 3665 lumini
1263 3586 1744 3665 innotesceret
1775 3642 1801 3682 ,
1855 3604 1940 3664 ut
1987 3586 2176 3663 nihil
2229 3585 2324 3664 de
2377 3586 2493 3681 se,
2531 3585 2814 3682 suisque
2866 3581 3247 3681 profundis
3299 3581 3529 3676 posset
3578 3579 3906 3660 homini-

724 3687 862 3766 bus
911 3687 985 3764 8<
1045 3689 1358 3787 Angelis
1409 3686 1811 3785 patefacere
1864 3690 2066 3764 Deus
2113 3685 2443 3784 gratuito
2491 3683 2964 3762 revelationis
3019 3680 3433 3780 beneficio,
3481 3683 3684 3783 quod
3736 3681 3905 3786 ipsis

723 3808 877 3871 non
933 3788 1228 3886 penitus
1276 3806 1742 3885 compertum
1796 3783 2397 3886 perspefiumque
2450 3784 2654 3863 esset.

827 3890 1080 3967 Habet
1135 3886 1326 3965 ratio
1374 3886 1772 3983 naturalis,
1823 3885 2107 3989 inquiS,
2157 3901 2592 3987 argumenta
2641 3900 2893 3966 contra
2945 3883 3117 3965 fidei
3172 3883 3517 3986 mysteria
3566 3940 3586 3964 .
3644 3885 3900 3967 Habet

715 3987 1005 4070 scilicet
1049 4011 1366 4069 rationes
1397 4007 1821 4089 apparentes
1846 4042 1872 4083 ,
1923 3987 2218 4088 reponit
2272 3988 2657 4088 Aquinas,
2703 3989 2836 4067 vel
2869 3982 3332 4091 sophisticas,
3383 3987 3483 4066 ad
3533 4013 3709 4086 quas
3738 3985 3894 4085 sb!-

718 4090 1003 4170 vendas
1050 4089 1239 4170 locus
1289 4088 1780 4189 relinquitur:
1834 4091 2033 4190 quod
2086 4090 2235 4190 ipse
2287 4093 2625 4171 Thomas
2677 4088 2971 4190 egregie
3007 4145 3033 4188 ,
3082 4090 3158 4166 8<
3210 4089 3579 4168 uberrime
3631 4086 3891 4190 praesti-

722 4192 820 4271 tit
871 4194 950 4269 in
1001 4192 1141 4271 hoc
1194 4191 1570 4270 adversum
1623 4194 1899 4276 Gentes
1943 4196 2201 4292 'Opere
2232 4246 2261 4288 ‚
2314 4191 2394 4271 in
2447 4192 2610 4272 aliis
2660 4191 2913 4291 passim
2954 4249 2975 4271 .
3052 4195 3230 4270 Haec
3285 4188 3448 4270 sunt
3502 4214 3682 4269 vero
3728 4212 3891 4287 quae

722 4281 999 4392 scripsit
1052 4293 1179 4370 ille
1233 4294 1308 4371 in
1363 4319 1497 4389 e0,
1550 4295 1747 4393 quod
1799 4292 2164 4372 versamus
2203 4348 2230 4389 ,
2302 4292 2725 4392 gravissimo
2781 4279 3199 4394 Religionis
3251 4291 3557 4391 negotio
3594 4349 3613 4369 .
3702 4294 3886 4372 Haec
4007 4371 4026 4389 ,

716 4399 1027 4491 eadem,
1078 4421 1228 4473 non
1281 4397 1534 4495 plura,
1585 4393 1963 4494 praestant,
2014 4395 2381 4491 dilatant,
2433 4392 2898 4492 amplificant
2950 4394 3089 4474 suis
3143 4392 3223 4471 in
3277 4392 3675 4495 Apologiis
3729 4392 3894 4473 illu·

719 4494 892 4578 stres
943 4494 1290 4594 do&ique
1346 4496 1512 4574 Viri
1552 4550 1580 4592 ,
1648 4497 1777 4595 qui
1830 4498 2162 4602 egregias
2228 4495 2709 4580 revelationis
2757 4496 3024 4581 divinae
3067 4548 3096 4595 ,
3144 4495 3629 4601 revelataeque
3682 4493 3889 4582 Reli-

724 4599 975 4703 gionis
1024 4597 1379 4681 vindicias
1427 4614 1778 4699 egerunt.
3342 4649 3352 4660 ·

3617 5087 3625 5096 ’
3723 5101 3898 5195 us-
