4597 5696
2858 304 3966 475 «ῲῴφφῴςςᾳ

966 555 3592 720 Εοιτοκιεστοκι.

1186 1347 1426 1461 fimi,
1486 1342 2043 1462 doHiffi'mique
2102 1349 2507 1434 THOMAE
2571 1352 3136 1447 AQUINATIS
3204 1346 3601 1425 Summam
3641 1339 3912 1447 illam

1200 1467 1566 1577 adversus
1616 1491 1885 1581 gentes
1945 1492 2557 1578 argumentorum
2615 1471 2770 1575 vi,
2829 1462 3046 1580 copia
3087 1521 3113 1569 ,
3171 1454 3277 1540 (9⁶
3336 1461 3719 1543 varietate
3778 1462 3896 1546 in·-

1193 1585 1535 1703 fignm,
1594 1585 2079 1695 omniumque
2136 1582 2488 1668 laudibus
2553 1587 3001 1671 celebratam
3081 1609 3281 1662 nunc
3342 1581 3619 1661 iterum
3680 1576 3906 1662 eden·

660 1699 750 1783 di
814 1703 896 1784 in
956 1704 1243 1815 lucem,
1304 1735 1617 1814 eamque
1667 1700 2144 1819 propagandi
2206 1702 2599 1811 confilium
2659 1705 2912 1789 minus
2973 1697 3219 1804 utile,
3302 1722 3533 1808 atque
3592 1697 3899 1781 omnino

664 1818 1250 1937 inopportunum
1311 1823 1746 1931 existiment
1767 1879 1789 1903 .
1850 1818 2166 1902 Scilicet
2228 1820 2314 1901 in
2379 1820 2519 1903 bac
2577 1849 2800 1905 tanta
2860 1817 3229 1902 librorum
3289 1817 3500 1929 copia
3534 1873 3563 1922 ,
3641 1840 3895 1899 tanta·-

569 1982 580 1992 -
663 1967 812 2048 que
871 1939 1258 2052 elegantia
1319 1942 1759 2051 litterarum
1785 1999 1813 2045 ,
1862 1936 2143 2048 quibus
2201 1937 2579 2023 redundat
2636 1938 2793 2024 haec
2867 1932 3159 2044 nostra,
3234 1924 3342 2013 <⁹¹
3402 1930 3502 2015 ad
3555 1932 3894 2046 gloriam

664 2050 1090 2168 efflorescit
1150 2087 1376 2167 aetas,
1436 2083 1777 2142 veterem
1836 2056 2336 2167 quantumvis
2395 2088 2755 2172 magnum
2816 2055 3231 2139 AuHorem
3317 2045 3418 2135 ad
3475 2049 3893 2137 multorum

663 2171 885 2284 usum
946 2207 1146 2260 nunc
1206 2175 1464 2288 rursus
1514 2172 1926 2292 producere
1958 2238 1985 2285 ,
2046 2173 2242 2286 quid
2298 2172 2517 2257 aliud
2573 2174 2938 2283 videtur,
2997 2202 3226 2285 quam
3288 2163 3616 2279 obsoleta
3676 2170 3889 2260 inter

657 2324 862 2377 nova
900 2291 1262 2410 'proferre
1322 2295 1691 2409 exquisito
1752 2292 1983 2402 *hujus
1994 2288 2281 2404 seculi
2333 2295 2562 2409 genio
2601 2355 2627 2403 ,
2699 2289 2807 2378 (Ὺ
2861 2292 3119 2409 gustui
3178 2288 3432 2373 minus
3491 2319 3885 2375 accommo-

653 2410 840 2495 data
882 2422 926 2493 ‚⁹
988 2419 1195 2499 Nam
1255 2447 1429 2499 cum
1488 2417 1869 2498 rationum
1923 2411 2301 2528 pondera,
2362 2444 2511 2497 non
2574 2412 3116 2499 austoritatum
3159 2429 3535 2490 momentu
3587 2408 3902 2492 librare-

653 2529 740 2613 in
806 2533 981 2615 veri
1036 2533 1677 2651 pervestigatione
1720 2529 2031 2642 jamdiu
2091 2527 2557 2647 Philosophi
2620 2529 3155 2641 consueverint
3187 2589 3215 2635 ,
3292 2554 3441 2609 non
3525 2528 3586 2609 ii
3647 2557 3891 2640 quun-

652 2673 832 2756 tus,
884 2642 991 2732 (9⁶
1056 2655 1308 2767 qualis
1366 2656 1505 2738 vir
1566 2650 2003 2767 ingentibus
2060 2650 2586 2734 voluminibus
2663 2648 3157 2767 Religionem
3207 2647 3884 2761 propugnaverit;

632 2762 792 2880 sed
850 2799 1056 2881 quae,
1112 2766 1218 2855 (Ὺ
1280 2782 1571 2885 quanta
1630 2768 1733 2856 ad
1788 2801 1953 2855 eam
2005 2768 2636 2887 propugnandam
2715 2769 3078 2854 attulerit
3117 2829 3143 2875 ,
3197 2763 3430 2880 plane
3491 2764 3883 2876 inquiren·

654 2885 835 2971 dum
888 2891 1310 3005 putabunt.
1376 2898 1541 2977 Hoc
1597 2915 1844 2976 totum
1900 2920 2143 3006 genus
2180 2887 2844 3006 reprehensorum,
2904 2914 3364 3002 quamquam
3422 2879 3652 2999 longa
3704 2882 3879 2999 post

637 3003 830 3117 sent
890 3011 1222 3094 oratione
1284 3008 1592 3125 rofilli,
1653 3011 2017 3125 quoniam
2077 3009 2193 3092 ita
2254 3000 2617 3116 difficiles
2655 3004 2861 3120 sunt
2896 3068 2924 3116 ,
3006 3036 3092 3089 ac
3168 2999 3435 3113 morosi
3471 3062 3500 3110 ,
3559 3029 3651 3086 tot
3689 2998 3890 3113 suos.

656 3125 930 3208 mirari
974 3123 1289 3235 soleant
1311 3192 1339 3238 ,
1401 3157 1693 3214 caeteros
1723 3193 1750 3237 ,
1800 3123 2235 3247 praefi‘rtim
2295 3128 2648 3239 antiquos
2671 3188 2700 3235 ,
2758 3124 3247 3245 adspernari,
3328 3152 3559 3208 unum
3620 3123 3715 3204 ab
3778 3123 3882 3209 iis

645 3242 1153 3359 postulamus,
1217 3273 1304 3329 ut
1364 3281 1460 3330 ne
1518 3248 1729 3330 nobis
1794 3246 2282 3333 interdiblum
2343 3247 2654 3356 velint,
2713 3246 2917 3360 quod
2980 3243 3136 3356 fibi
3191 3242 3425 3325 licere
3468 3238 3877 3348 judicant.

651 3360 953 3483 Qid?
1013 3368 1156 3445 An
1216 3395 1367 3447 non
1434 3364 1576 3479 ipsi
1636 3396 1870 3476 quum
1930 3365 2025 3448 de
2082 3365 2587 3473 Divinitate,
2647 3361 3363 3466 deProvidentia,
3403 3353 3495 3441 de
3554 3363 3894 3445 Animo--

651 3510 821 3563 rum
905 3481 1490 3567 immortalitate
1568 3479 1969 3597 disputant
2009 3545 2037 3592 ,
2131 3484 2564 3596 Diagoram.
2591 3544 2619 3590 ,
2696 3481 3216 3599 Chrysippum
3251 3540 3277 3584 ,
3359 3482 3875 3591 Evemerum,

652 3602 1074 3717 Epicurum
1112 3663 1140 3709 ,
1220 3598 1565 3713 aliosque
1642 3599 2022 3710 vetustate
2100 3600 2397 3685 obrutos
2476 3600 2897 3717 Scriptores
2976 3627 3340 3712 tanquam
3422 3595 3514 3679 ab
3595 3592 3873 3709 inferis

642 3722 1030 3827 excitant,
1090 3719 1356 3804 borum
1420 3720 1690 3805 brevia
1729 3718 1808 3835 fi
1871 3751 2035 3833 quae
2076 3713 2427 3830 sung&
2490 3719 2724 3836 impie
2783 3718 2990 3804 dieta
3050 3718 3386 3828 undique
3443 3716 3870 3832 colligunt,

648 3835 1252 3949 ‘euffculantur,
1287 3835 1773 3949 exscribunt,
1834 3871 1969 3924 nec
2008 3837 2185 3952 fine
2241 3868 2523 3954 magna
2584 3838 2885 3942 honoris
2927 3837 3503 3954 significatione
3561 3867 3868 3921 comme·

647 3966 1017 4040 morant?
1056 3963 1131 4067 J
1135 3989 1257 4040 am
1319 3960 1874 4072 Montagnius,
1934 3959 2296 4067 Baelius,
2365 3959 2785 4067 Volterius,
2821 3959 3281 4064 Helvetius,
3343 3986 3382 4036 e
3441 3955 3611 4038 caelo
3653 3954 3868 4050 vide·

645 4075 832 4158 licet
893 4072 1221 4193 delapsi,
1283 4077 1492 4158 tanti
1553 4074 1758 4192 apud
1788 4072 2018 4193 ‘ipsos
2059 4072 2306 4186 sunt,
2367 4102 2456 4158 ut
2499 4074 2575 4188 si
2613 4105 2769 4187 qua
2808 4073 3100 4160 incidat
3160 4103 3294 4159 aut
3358 4075 3439 4186 in
3483 4063 3868 4185 sermone,

645 4221 785 4285 aut
846 4195 928 4276 in
970 4191 1381 4303 scribendo
1442 4193 1744 4308 quaestio
1805 4192 1840 4308 (
1904 4194 2184 4280 incidit
2244 4222 2500 4280 autem
2553 4193 2681 4306 „ad
2720 4188 2997 4304 saeculi
3060 4192 3291 4305 nostri
3351 4189 3704 4301 dedecus,
3765 4194 3896 4286 ad*

641 4313 878 4395 totius
918 4308 1372 4422 societatis,
1432 4313 2009 4428 animarumque
2046 4309 2448 4425 summum
2529 4343 2974 4427 certumque
3040 4313 3364 4400 exitium
3444 4339 3674 4424 quam
3713 4309 3863 4425 [ω-

588 4426 942 4546 ..P’ffime
999 4426 1036 4540 )
1098 4463 1248 4515 non
1306 4431 1453 4545 nili
1516 4464 1769 4515 eorum
1829 4430 2093 4517 verbis
2155 4459 2385 4546 atque
2423 4429 2899 4547 sententiis,
2955 4460 3142 4546 quas
3197 4433 3502 4550 penitus
3579 4432 3866 4520 animis

492 4647 521 4658 „
625 4540 1205 4658 'combiberunfi
1263 4549 1731 4661 dijudicari,
1791 4573 1881 4636 ac
1938 4550 2252 4666 definiri
2302 4554 2749 4670 patiantur.
2807 4558 3088 4676 Qare
3144 4549 3330 4639 dent
3390 4547 3604 4675 nobis
3665 4550 3861 4640 banc

640 4667 1001 4776 mnium,
1048 4665 1122 4779 fi
1184 4667 1491 4779 quidem
1555 4669 1842 4783 bonesti
1886 4669 2197 4781 haberi,
2257 4704 2346 4755 ac
2403 4671 2560 4756 dici
2597 4670 2918 4781 volunt,
2982 4698 3069 4755 ut
3124 4703 3477 4758 veterum
3537 4668 3861 4758 aliorum

637 4789 965 4868 Parrum
1028 4787 1187 4870 doci
1201 4789 1429 4897 tinae,
1486 4791 1933 4904 ingeniique
1989 4789 2528 4907 magnitudine
2585 4787 2686 4873 ad
2744 4803 3038 4887 omnem
3099 4796 3606 4877 aeternitatem
3669 4824 3855 4886 com-

636 4902 1208 5018 mendatorum,
1273 4937 1474 4996 nunc
1510 4907 1823 5025 quidem
1866 4910 2288 5032 praeteritis
2324 4909 2797 5024 nominibus,
2821 4916 3228 5003 THOMAE
3251 4913 3850 5023 AQUINAT18‚

3760 5060 3847 5116 m

678 1100 884 1571 'I
906 1108 1074 1576 ΞΞ
1170 1105 1552 1222 Cquidem
1613 1098 1803 1221 fhre
1876 1099 2106 1189 video
2177 1095 2550 1222 plurimos
2625 1104 2744 1193 ita
2815 1125 3192 1189 novarum
3268 1118 3588 1208 rerum,
3666 1093 3902 1188 immi

676 1290 687 1299 -
1197 1260 1560 1313 novorum
1623 1230 1858 1311 etiam
1921 1225 2311 1308 nominum
2373 1256 2623 1313 amore
2685 1217 3018 1335 incensos
3057 1283 3086 1330 ,
3166 1246 3255 1307 ut
3319 1221 3490 1304 Viri
3554 1216 3895 1331 Sanflis-
