4597 5696
1349 388 1950 481 conr-nul
2034 393 2795 470 ῦιεΝτιιες
2881 392 3313 461 LIB.11.

686 513 1030 619 gularum
1084 503 1406 615 partium
1450 537 1468 586 ε
1524 506 1576 588 si
1627 507 1833 587 enim
1884 506 2058 586 effet
2108 503 2249 585 for-

684 643 812 697 ma
866 620 1137 712 totius,
1186 614 1261 692 8(
1311 609 1835 712 non'partium
1866 664 1892 707 ‚
1945 634 2096 688 non
2149 609 2249 685 es-

686 720 792 800 set
845 719 1081 800 forma
1135 712 1619 795 substantialis
1671 711 1837 790 talis
1882 735 2019 791 cor
2069 710 2245 804 oris;

685 819 865 900 ficut
943 819 1185 900 forma
1251 816 1511 896 domus
1646 840 1754 893 uae
1832 812 1932 890 est
2033 837 2241 890 orma

678 925 908 1003 totius
958 978 987 1019 ‚
1052 922 1126 1001 8(
1164 938 1349 1018 'non
1419 914 1628 1018 fingu
1657 939 1867 994 arum
1916 913 2242 1014 partium

680 1025 780 1105 est
836 1023 1075 1125 forma
1115 1018 1626 1101 accidentalia.
1730 1070 1736 1079 -

654 1217 689 1238 d
785 1127 1014 1226 Quod
1062 1141 1312 1206 autem
1362 1120 1616 1229 anima
1669 1115 1776 1235 est.
1804 1114 2044 1196 forma
2093 1115 2245 1195 sub-

575 1265 580 1271 ⁴
683 1229 1036 1308 stantialis
1089 1227 1316 1307 totius
1365 1278 1393 1318 ‚
1468 1226 1540 1302 8(
1643 1241 1976 1315 arnum,
2047 1233 2247 1319 patet

681 1333 1012 1433 perhoc
1067 1327 1265 1431 quod
1315 1328 1410 1405 ab
1462 1350 1547 1407 ea
1616 1322 1880 1403 ortltur
1932 1321 2246 1420 speciem

681 1434 753 1512 8(
774 1451 1016 1513 totum
1034 1488 1059 1528 ‚
1081 1435 1152 1511 8(
1179 1445 1449 1531 partes:
1483 1428 1676 1506 unde
1693 1449 1777 1502 ea
1791 1422 2245 1517 abscedente,

679 1559 920 1636 neque
976 1554 1212 1613 totum
1233 1586 1258 1625 ‚
1311 1554 1548 1632 neque
1600 1545 1836 1629 partes
1864 1541 2247 1604 remanent

679 1636 999 1735 eiusdem
1072 1635 1310 1736 specie
1362 1690 1389 1731 ‚
1479 1654 1655 1709 nam
1724 1626 1979 1706 oculus
2053 1651 2243 1706 mor·

681 1738 790 1820 tui
847 1793 875 1833 ‚
940 1739 1012 1817 8(
1064 1763 1237 1816 caro
1290 1733 1442 1840 ejus
1511 1756 1663 1810 non
1717 1729 2057 1808 dicuntur
2108 1726 2242 1807 nili

676 1842 1059 1941 aequivoce
1099 1896 1118 1915 .
1173 1836 1253 1918 Si
1311 1834 1538 1935 igitur
1588 1832 1837 1912 anima
1889 1827 1988 1907 est
2042 1827 2242 1909 aaus

673 1940 1123 2044 lingularum
1173 1937 1539 2041 partium,
1592 1930 1793 2013 aCtus
1844 1950 2092 2011 autem
2138 1929 2239 2010 est

671 2043 759 2122 in·
807 2049 899 2122 'eo
976 2043 1181 2128 cuius
1253 2039 1351 2118 est
1403 2036 1607 2115 astus
1672 2061 1698 2128 ς
1801 2033 2240 2134 relinquitur

672 2147 872 2245 quod
929 2143 1013 2223 lit
1067 2142 1462 2238 secundum
1520 2137 1722 2215 suam
1751 2137 2128 2215 essentiam
2159 2134 2240 2213 in

667 2247 998 2348 qualibet
1053 2263 1252 2344 parte
1285 2240 1611 2340 corporis
1631 2295 1652 2315 .
1706 2238 1934 2342 Quod
1987 2254 2236 2315 autem

557 2342 566 2349 ’
665 2363 825 2426 tota
861 2401 890 2441 ‚
957 2343 1421 2424 manifestum
1500 2337 1650 2418 est:
1720 2362 1952 2440 quum
2023 2338 2229 2417 enirn

667 2463 911 2528 totum
964 2449 1247 2527 dicatur
1298 2469 1426 2545 per
1468 2440 1903 2520 relationem
1955 2439 2046 2518 ad
2073 2464 2226 2539 par·

664 2563 775 2630 tes
807 2605 835 2643 ‚
906 2555 1198 2649 oportet
1270 2563 1517 2626 totum
1566 2539 2046 2620 diverfimode
2120 2554 2230 2620 tm·

664 2652 819 2752 cipi
871 2704 898 2747 ‚
970 2651 1147 2729 ficut
1218 2644 1706 2728 diverfimode
1774 2643 2232 2739 accipiuntur

543 2810 546 2813 -
666 2769 943 2852 partes.
1005 2751 1297 2827 Dicitur
1347 2765 1601 2823 autem
1640 2766 1802 2840 pars
1822 2742 2229 2839 dupliciter:

663 2875 821 2932 uno
886 2851 1190 2951 quidem
1260 2847 1487 2924 modo
1554 2844 1993 2941 inquantum
2045 2840 2229 2920 divi-

670 2953 877 3032 ditur
927 2947 1652 3051 aliqixiaestmmam
1699 2942 2235 3042 quantitatem4

673 3052 854 3150 ficut
950 3050 1365 3153 bicubitum
1457 3045 1557 3126 est
1631 3072 1792 3150 pars
1862 3045 2235 3140 tricubiti3

673 3155 834 3236 alio·
899 3155 1124 3234 modo
1192 3151 1631 3254 inquantum
1703 3148 2058 3229 dividitur
2109 3149 2236 3228 ali-

730 3258 853 3337 uid
922 3254 1318 3334 secundum
1389 3251 1825 3333 divifionem
1878 3252 2237 3348 effentiae‚

670 3282 853 3440 aeut
904 3356 1182 3441 forma.
1232 3356 1306 3435 8(
1357 3353 1668 3433 materia
1720 3353 2060 3434 dicuntur
2083 3378 2236 3453 par·

676 3486 681 3534 :
1179 3458 1252 3537 iti
1286 3515 1306 3534 .
1381 3455 1676 3535 Dicitur
1735 3478 1925 3554 ergo
1994 3470 2236 3534 totum

680 3618 681 3626 x
1179 3585 1204 3635 ι
1258 3556 1749 3662 quantitatem
1799 3609 1828 3651 ‚
1878 3557 1952 3634 8(
2007 3557 2246 3635 seeun-

679 3702 863 3746 uum
914 3687 1227 3741 cucnuae
1302 3656 1829 3760 pafefflionem
1868 3714 1891 3736 .
1962 3661 2250 3737 Totum

684 3782 936 3846 autem
989 3818 1017 3860 ‚
1086 3763 1162 3841 8(
1230 3782 1483 3865 partes
1520 3759 1910 3838 secundum
1964 3760 2254 3860 quanti·

682 3884 918 3951 tatem
971 3862 1166 3944 dieta
1204 3919 1232 3961 ‚
1286 3861 1542 3943 formis
1597 3887 1746 3940 non
1801 3862 2257 3942 conveniunt

661 3969 821 4048 ‘nisu
882 3991 1009 4065 per
1058 3964 1390 4060 accidens
1410 4018 1436 4060 ‚
1486 3962 1764 4044 scilicet
1815 3964 2252 4064 inquantum

690 4069 1118 4155 dividuntur
1185 4064 1536 4144 divisione
1614 4062 1914 4162 subbffi
1962 4066 2252 4165 quanti·

3807 414 3921 471 *2²9

2354 505 2460 585 ita
2514 502 2588 582 8(
2639 501 2718 599 in
2758 497 3024 604 parte?
3062 499 3395 601 qualibet
3448 502 3603 597 ejus
3633 560 3652 579 .
3706 503 3929 583 Secus

2352 622 2600 686 autem
2677 600 2779 682 est
2855 605 2944 682 de
2975 600 3366 707 ‘totalitate
3414 628 3575 704 quae
3631 627 3761 704 per
3813 630 3928 684 ac,

2347 709 2600 788 cidens
2668 705 3101 786 attribuitur
3168 702 3428 786 formis
3467 709 3492 783 ἐ
3574 705 3669 785 fic
3719 706 3926 789 enim

2346 836 2500 894 non
2552 809 2917 911 poffumus
2968 810 3210 886 dicere
3262 865 3291 904 ‚
3363 809 3563 909 quod
3608 812 3769 888 ‘tota
3822 808 3924 888 al·

2354 914 2542 992 bedo
2594 909 2677 991 fit
2731 913 2817 988 in
2872 911 3214 1009 qualibet
3254 928 3457 1012 parte
3488 968 3508 987 .
3563 910 3642 990 Si
3697 909 3925 1010 igitur

2345 1012 2444 1091 est
2494 1014 2748 1115 aliqua
2812 1008 3050 1091 forma
3116 1038 3279 1115 quae
3348 1019 3502 1093 non
3552 1010 3923 1119 diyidatur

2348 1115 2704 1201 divifione
2776 1112 3075 1211 subjefti
3110 1169 3138 1209 ,
3206 1112 3386 1197 ficut
3436 1112 3600 1195 sunt
3652 1115 3921 1197 anima:
4054 1146 4062 1155 ·

2346 1217 2788 1296 animalium
2930 1212 3370 1297 erfefiorum
3424 1271 3457 1317 ‚
3543 1242 3699 1297 non
3782 1218 3930 1311 erin

2349 1346 2532 1421 opus
2623 1319 2840 1398 distin
2918 1318 3085 1397 ione
3122 1374 3150 1415 ‚
3244 1345 3477 1421 quum
3574 1319 3683 1402 eis
3771 1341 3914 1398 non

2349 1422 2729 1522 competat
2802 1420 2934 1499 nifi
3010 1447 3155 1501 una
3210 1422 3579 1517 totalitas;
3611 1419 3751 1499 >sed
3786 1422 3910 1499 'ab

2352 1521 2580 1605 solute
2635 1524 3028 1603 dicendum
3081 1524 3228 1620 est,
3278 1549 3449 1604 eam
3486 1542 3725 1605 totam
3780 1524 3928 1607 effQ

2350 1625 2430 1707 in
2481 1625 2813 1729 qualibet
2875 1625 3200 1726 corporis
3270 1647 3475 1727 parte
3518 1655 3543 1720 ς
3611 1648 3751 1706 nec
3819 1621 3934 1712 est

2347 1725 2487 1807 hoc
2576 1724 2882 1808 difficile
2970 1726 3509 1828 apprehendere
3610 1728 3680 1805 ei
3785 1726 3929 1827 qui

2347 1828 2703 1928 intelligit
2782 1829 3115 1910 animam
3169 1854 3322 1909 non
3391 1830 3486 1909 fic
3544 1832 3683 1909 ess'e
3735 1828 3926 1908 indi-

2344 1929 2714 2009 visibilem
2786 1948 2866 2010 ut
2938 1930 3295 2031 pune‘tum
3340 1986 3369 2026 ‚
3442 1942 3686 2033 neque
3736 1929 3920 2011 ficut

2341 2032 2857 2133 incorporeum
2908 2056 3270 2135 corporeo
3333 2032 3686 2148 coniungi
3736 2088 3765 2129 ‚
3832 2032 3915 2115 fi-

2340 2151 2467 2214 cut
2540 2160 2844 2235 corpora
2914 2137 3006 2212 ad
3082 2137 3408 2214 invicem
3460 2159 3920 2236 conjungun-

2340 2254 2508 2331 tur,
2553 2254 2642 2317 nt
2691 2236 2899 2335 supra
2952 2239 2980 2335 (
3032 2262 3190 2337 cap.
3220 2236 3368 2315 lvr.
3424 2237 3453 2334 )
3503 2236 3915 2339 expolitum

2334 2334 2434 2415 est
2489 2394 2509 2413 .
2560 2339 2775 2416 -Non
2844 2337 2944 2415 est
3034 2360 3285 2418 autem
3377 2339 3914 2419 inconveniens

2329 2438 2664 2523 animam
2712 2493 2738 2534 ,
2805 2464 3037 2540 quum
3109 2439 3193 2520 fit
3265 2444 3598 2541 quaedam
3670 2440 3913 2518 forma

2336 2539 2695 2637 simplex,
2746 2544 2886 2620 effe
2940 2541 3187 2619 aestum
3242 2546 3565 2642 partium
3621 2560 3775 2630 tam
3804 2541 3911 2620 di·

2334 2640 2704 2718 versarum
2747 2693 2776 2733 ‚
2844 2643 3018 2740 quia
3089 2642 3484 2741 unicuique
3538 2641 3787 2720 formae
3840 2647 3916 2739 a}-

2338 2759 2582 2837 ptatur
2635 2742 2942 2819 materia
3013 2741 3408 2821 secundum
3489 2742 3688 2823 suam
3742 2768 3919 2830 con·

2331 2840 2750 2941 gruentiam
2776 2899 2797 2917 .
2851 2844 3176 2944 Quanto
3208 2857 3459 2926 autem
3485 2846 3733 2950 aliqua
3771 2845 3915 2927 for-

2338 2948 2464 3021 m'a
2515 2942 2613 3021 est
2668 2943 3055 3044 nobilior,
3123 2947 3199 3028 &
3252 2948 3709 3049 fimplieior‚
3763 2968 3921 3030 tan·

2338 3045 2565 3125 10?st
2619 3044 3309 3145 maioris-virtutis:
3362 3039 3555 3132 unde
3621 3052 3923 3149 anima,
4065 3102 4079 3113 ·

2338 3174 2499 3328 ?uae
2571 3147 2671 3229 est
2714 3151 3166 3232 nobiliffima
3239 3155 3433 3235 inter
3484 3154 3758 3257 forma,
3809 3156 3923 3234 in·

2370 3252 2687 3345 eriere-s,
2739 3251 2867 3332 etsi
2918 3252 3222 3354 simplex
3281 3257 3366 3337 fit
3396 3256 3922 3352 insubstantia,

2338 3351 2438 3463 est
2489 3369 2743 3433 tamen
2794 3354 3184 3455 multiplex
3238 3357 3317 3440 in
3372 3358 3703 3459 potentia
3743 3411 3772 3454 ‚
3842 3357 3919 3438 8(

2340 3453 2749 3532 multarum
2822 3458 3338 3553 operationum
3367 3513 3395 3553 ,
3468 3461 3662 3551 unde
3734 3457 3925 3537 indi·

2352 3572 2479 3657 get
2530 3555 2821 3635 diversis
2871 3559 3166 3659 organis
3216 3561 3308 3636 ad
3360 3562 3512 3642 suas
3563 3560 3925 3662 ope-stio-

2354 3681 2482 3749 (ιω,
2532 3657 3049 3758 complendas‘,
3100 3686 3415 3763 quorum
3453 3662 3743 3742 diversae
3768 3663 3932 3743 anie

2357 3785 2497 3840 mae
2570 3760 2917 3860 potentiae
2977 3765 3267 3876 proprii
3337 3766 3537 3846 aelus
3604 3766 3741 3853 else
3813 3765 3928 3848 di·

2360 3882 2677 3957 cuntur,
2730 3863 2907 3943 ficut
2938 3864 3131 3947 visus
3184 3869 3430 3964 oculi,
3480 3867 3771 3948 auditus·
3804 3893 3925 3948 au-

2355 3963 2551 4043 rium
2589 4019 2618 4060 ‚
2683 3966 2758 4044 8(
2834 3965 2928 4044 fic
2997 3969 3086 4047 cle
3154 3968 3318 4048 aliis
3387 3990 3682 4071 propter
3730 3969 3931 4070 quod

2355 4066 2708 4144 animalia
2780 4064 3098 4165 perfetta
3172 4071 3442 4150 habent
3514 4074 3927 4151 maximam

688 4173 932 4249 'tatem
1009 4168 1343 4261 habentis
1387 4191 1412 4254 ς
1485 4185 1726 4244 totum
1781 4178 2034 4246 autem
2070 4223 2091 4259 ‚
2141 4168 2262 4246 vel
2364 4167 2863 4250 diversitatem
2916 4170 2999 4251 in
3047 4173 3388 4274 organis,
3438 4169 3701 4276 plantae
3753 4198 3936 4258 vero

696 4296 860 4387 pars
914 4269 1302 4346 secundum
1358 4265 1882 4380 perfeffiionem
1949 4270 2259 4350 effentiae
2359 4269 2767 4351 minimum
2794 4328 2814 4349 .

697 4371 1077 4448 mvenitur
1131 4366 1208 4445 in
1263 4367 1519 4446 form1s
1571 4393 1700 4468 per
1752 4368 1822 4446 se
1856 4426 1876 4447 .
1953 4376 2069 4449 De
2121 4371 2256 4452 hac

698 4468 936 4571 igitur
1005 4470 1374 4548 totalitate
1462 4469 1830 4585 loquendo
1895 4495 2052 4567 quae
2126 4496 2256 4572 per

701 4572 775 4652 se
828 4569 1084 4672 formis
1135 4568 1550 4670 competit,
1606 4592 1684 4648 ln
1736 4569 2072 4671 qualibet
2123 4572 2264 4653 for·

2469 4375 2632 4452 Hac
2690 4375 2919 4474 igitur
2987 4374 3361 4458 oc'calione
3410 4405 3454 4460 a
3505 4343 3934 4479 quibusdam

2359 4473 2821 4589 pbilosophis
2871 4475 3155 4559 dietum
3208 4481 3360 4577 est,
3409 4481 3739 4560 animam
3789 4485 3935 4581 effe

2373 4601 2452 4653 m
2520 4577 2770 4677 aliqua
2846 4598 3047 4678 parte
3115 4583 3446 4684 corporis
3477 4639 3505 4682 ‚
3587 4583 3763 4663 ficut
3839 4585 3937 4662 ab

701 4699 830 4754 ma
899 4690 1195 4786 apparet
1262 4671 1459 4784 quod
1532 4669 1628 4749 est
1700 4689 1859 4785 tota
1934 4673 2011 4750 in
2065 4693 2264 4766 tot03
2368 4676 2527 4776 ipso
2583 4679 2971 4798 Aristotele
3024 4684 3106 4762 in
3158 4686 3326 4765 Lib.
3377 4687 3467 4765 de
3521 4686 3731 4764 caula
3781 4709 3941 4768 rno-

696 4776 775 4856 8(
823 4793 977 4854 tota
1032 4799 1111 4850 m
1162 4775 1494 4872 qnalibet
1545 4789 1745 4874 parte
1798 4799 1952 4866 exus
1998 4801 2043 4857 z,
2085 4802 2261 4893 nam
2373 4796 2488 4859 tus
2558 4785 2997 4894 ammahum
3066 4784 3097 4885 (
3146 4812 3306 4888 cap.
3380 4814 3503 4867 vr.
3557 4788 3585 4886 )
3669 4787 3940 4877 dicitur

693 4878 960 4958 albedo
998 4931 1026 4972 ‚
1080 4874 1264 4997 lic-ut
1312 4874 1700 4993 secundum
1755 4893 1987 4961 totam
2042 4898 2260 4959 ratio-
2360 4883 2501 4958 esse
2570 4908 2652 4997 up
2700 4889 2918 5005 corde
2950 4940 2979 4982 ‚
3047 4890 3225 5005 quia
3274 4891 3522 4990 aliqua
3577 4887 3939 5004 potentia-

700 5003 908 5069 nem·
946 4979 1306 5062 albedtms
1378 4975 1480 5061 est
1548 5003 1630 5063 m
1702 4995 1864 5062 toto
1907 4987 2263 5086 corpore3
2367 5005 2535 5067 rum
2568 5009 2724 5088 ejus
2750 4987 2869 5075 ini
2902 4992 3446 5096 parncorporis
3460 4991 3888 5108 attribuatur
3910 5013 3939 5069 ⁴.-

3427 5150 3450 5169 .
3815 5106 3933 5179 Vl!
