4597 5696
1298 468 1896 540 CONTRA
1982 455 2762 546 G,⁸E-NT1L1-:s
2851 458 3099 537 Lsss.
3184 468 3276 531 11.
3406 477 3415 482 ·

3784 469 3899 565 2'37

635 569 920 675 animae'
975 586 1229 668 finitur
1305 607 1520 680 cum.
1550 599 1850 679 corpore
1896 603 1922 670 ς
1999 557 2213 675 ‘duod
2317 573 2441 655 Sic
2495 573 2720 674 igitur
2796 586 2994 670 patet
3060 569 3259 669 quod
3310 569 3512 648 nulla
3563 573 3895 669 operatio

634 697 685 800 q·
743 698 936 774 idem
990 705 1189 791 patet
1242 712 1369 787 per
1396 678 1941 764 induciionem.
1998 675 2212 756 Nani
2315 677 2586 755 animae
2640 669 2869 791 potest
2923 693 3299 751 remanere
3328 670 3483 785 post
3534 687 3852 751 mortem
3876 700 3907 749 :-

643 925 773 1003 per
822 893 1208 997 qualitates
1260 881 1640 989 'corporeas
1681 943 1711 984 ,
1776 881 1864 997 &t
1928 905 2017 981 pe

644 1002 1125 1081 strumentum
1179 1012 1613 1092 corporeum
1642 1041 1668 1080 ‚

644 1127 907 1201 corpus
960 1098 1157 1198 quod
1232 1090 1606 1195 perficitur
1659 1110 1785 1187 per
1838 1085 2165 1163 animam
2192 1137 2219 1178 ,

640 1204 848 1306 'quod
900 1199 1257 1287 nutritur,
1310 1196 1712 1290 &augetur
1742 1241 1768 1282 ,
1818 1189 1893 1265 8<
1943 1212 2037 1266 ex
2070 1210 2224 1286 quo

649 1304 1010 1387 deciditur
1094 1303 1340 1377 semen
1432 1296 1524 1372 ad
1613 1291 2165 1391 generationem
2203 1344 2222 1364 .

653 1405 1144 1507 Operationes
1231 1398 1455 1478 etiam
1535 1415 1793 1472 omnes
1863 1390 2224 1491 potentia·

652 1534 868 1603 rum,
919 1530 1078 1606 quae
1132 1501 1503 1603 pertinent
1556 1496 1647 1574 ad
1688 1494 2019 1572 animam
2075 1493 2226 1570 sen-

653 1610 947 1689 sitivam
974 1661 1000 1702 ,
1049 1603 1516 1702 complentur
1568 1621 1697 1698 per
1747 1619 2025 1695 organa
2075 1619 2229 1674 cor·

653 1710 936 1815 poralia
964 1763 990 1802 ‚
1042 1707 1114 1784 8<
1167 1706 1500 1805 quaedam
1552 1722 1805 1776 earum
1858 1695 2230 1796 complen-

661 1831 784 1894 tur
833 1834 1007 1890 cum
1078 1807 1324 1906 aliqua
1397 1799 2003 1882 transmutatione
2076 1822 2231 1878 cor·

654 1912 956 2022 poi-aliz,
1049 1908 1229 1988 ficut
1320 1930 1480 2006 quae
1565 1901 1906 1982 dicuntur
1970 1901 2233 1979 animae

659 2016 1064 2132 pastiones,
1115 2027 1196 2088 ut
1226 2031 1434 2085 amor
1461 2063 1487 2101 ‚
1541 2002 1931 2103 gaudium,
1982 2004 2056 2083 8<
2108 2002 2231 2080 hu·

660 2115 1022 2218 jusmodi.
1082 2109 1505 2206 Intelligere
1558 2124 1853 2201 autem,
1906 2103 2032 2183 etsi
2084 2129 2236 2181 non

659 2218 750 2297 fit
800 2214 1134 2317 operatio
1183 2235 1311 2312 per
1340 2207 1638 2309 aliquod
1689 2231 2052 2305 organum
2077 2230 2234 2285 cor-

657 2318 908 2423 porale
961 2315 1278 2395 exercita
1318 2367 1346 2408 ‚
1420 2327 1669 2389 tamen
1743 2306 2031 2407 obje&a
2075 2305 2234 2402 ejus

659 2424 827 2499 sunt
880 2414 1378 2520 phantasmata
1410 2467 1436 2509 ,
1489 2435 1651 2511 quae
1704 2409 1809 2488 ita
1864 2411 1933 2487 se
1963 2410 2236 2489 habent

663 2524 759 2603 ad
812 2521 1040 2623 ipsam
1093 2534 1176 2596 ut
1225 2514 1507 2597 colores
1556 2513 1648 2589 ad
1703 2510 1980 2591 visum:
2041 2513 2232 2591 unde

659 2624 841 2704 ficut
893 2623 1082 2702 visus
1134 2644 1285 2698 non
1336 2612 1565 2716 potest
1616 2613 1865 2691 videre
1917 2609 2064 2715 sine
2115 2639 2229 2691 co·

663 2725 944 2804 loribus
987 2776 1014 2817 ,
1084 2721 1186 2796 ita
1254 2711 2028 2812 anima,intelle51iva
2082 2738 2233 2790 non

661 2821 892 2928 potest
945 2818 1354 2916 intelligere
1386 2815 1532 2890 fine
1574 2809 2230 2912 phantasmatibus.

665 2925 961 3025 Indiget
1031 2921 1259 2999 etiam
1331 2913 1580 2992 anima
1619 2915 1741 2992 'ad
1815 2912 2230 3013 intelligen-

664 3029 844 3107 'dum
913 3022 1306 3103 virtutibus
1380 3014 1941 3121 praeparantibus
2012 3019 2228 3118 phan-

664 3128 1012 3219 tasmata,
1066 3124 1156 3202 ad
1209 3122 1347 3200 hoc
1401 3124 1597 3221 quod
1650 3120 1831 3201 fiant
1887 3121 2230 3221 intelligi-

664 3229 852 3315 bilia
902 3224 1117 3318 assn,
1171 3223 1444 3303 scilicet
1495 3224 1764 3301 virtute
1800 3251 1889 3302 co
1948 3225 2232 3318 itativa,

665 3333 739 3410 8<
772 3325 1258 3407 memorativa
1280 3353 1303 3416 ε,
1333 3328 1420 3402 de
1441 3324 1705 3424 quibus
1731 3329 1895 3403 conl
1931 3343 2005 3405 at
2033 3329 2232 3425 quod

664 3455 899 3532 quum
954 3427 1092 3506 sint
1141 3424 1342 3541 acius
1392 3428 1877 3524 quorumdam
1930 3453 2234 3526 organo·

668 3557 835 3611 rum
906 3554 1229 3629 corporis
1267 3582 1293 3619 ,
1361 3550 1487 3623 per
1558 3552 1714 3626 quae
1768 3548 2161 3628 operantur
2211 3583 2237 3623 ,

666 3633 872 3733 quod
919 3656 1068 3710 non
1119 3630 1406 3730 potsunt
1458 3651 1830 3706 remanere
1883 3628 2033 3728 post
2085 3655 2234 3708 cor-

433 3728 444 3747 *
565 3768 568 3773 ·
670 3759 844 3836 puS.
899 3734 1121 3813 Unde
1175 3731 1246 3807 8<
1307 3727 1725 3807 Aristoteles
1778 3732 1959 3808 dicit
2010 3731 2036 3827 (
2096 3736 2235 3809 ΙΙΙ.

671 3837 762 3914 de
817 3833 1097 3913 Anima
1151 3848 1323 3912 text.
1360 3856 1551 3909 com.
1604 3832 1824 3930 xxx.)
1874 3834 2067 3931 quod
2122 3862 2237 3911 ne-

673 3964 1040 4037 quaquam
1075 3929 1253 4036 fine·
1309 3931 1818 4036 phantasmate
1869 3935 2240 4034 intelligit

673 4036 978 4131 anima,
1030 4036 1100 4112 8<
1158 4037 1355 4132 quod
1408 4031 1604 4111 nibil
1673 4032 2042 4137 intelligit
2075 4037 2242 4137 sine

679 4135 1091 4227 intellessu
1127 4134 1402 4233 paffivo
1439 4189 1464 4228 ‚
1533 4161 1752 4236 quem
1828 4155 2042 4219 vocat
2099 4142 2238 4218 vir·

680 4257 918 4318 tutem
989 4236 1472 4333 cogitativam
1509 4290 1533 4329 ‚
1660 4265 1764 4314 uae
1833 4240 1931 4317 est
2003 4267 2242 4318 corru-

678 4340 960 4441 ptibilis
996 4394 1013 4413 .
1102 4340 1200 4414 Et
1269 4355 1561 4435 propter
1682 4366 1769 4417 oc
1822 4343 2001 4421 dicit
2056 4344 2131 4421 in
2191 4346 2245 4422 1.

677 4442 772 4517 de
845 4439 1124 4518 Anima
1190 4435 1218 4533 (
1289 4456 1458 4516 text.
1554 4462 1825 4519 comm.
1910 4444 2160 4522 lx111.
2217 4446 2246 4541 )

678 4541 879 4642 quod
931 4536 1353 4634 intelligere
1379 4538 1690 4619 hominis
1712 4569 1992 4621 coi-rum
2047 4545 2244 4641 itur,

681 4642 995 4743 quodam
1083 4637 1393 4717 interius
1481 4663 1810 4740 corrupto
1849 4699 1877 4736 ‚
1966 4566 2241 4727 igilicet

680 4739 1180 4924 Rhantasmate
1211 4794 1237 4834 .‚
1318 4739 1434 4816 vel
1489 4743 1763 4841 paffivo
1816 4743 2239 4827 intelleclu:

814 4845 891 4921 in
951 4846 1092 4921 111.
1146 4843 1236 4921 de
1293 4842 1570 4921 Anima
1623 4845 1843 4941 (text.
1867 4872 2189 4928 com.xx.

684 4946 956 5026 dicitur
986 4998 1010 5037 ‚
1061 4944 1258 5045 quod
1310 4970 1453 5021 non
1505 4945 2046 5061 remirfiscimur
2088 4973 2184 5051 po

638 814 948 879 virtutes
1018 792 1280 869 animae
1353 783 1728 864 nutritivae
1817 777 2214 957 opet‘apmr
2317 803 2557 881 neque
2629 778 2855 876 igitur
2926 773 3314 858 substantia
3389 799 3547 861 eius
3598 792 3901 866 manet,

2108 881 2214 958 in·
2313 906 2557 983 quum
2611 879 2813 957 nulla
2863 875 3255 958 substantia
3288 874 3504 979 poffit
3553 873 3702 955 effe
3749 873 3903 955 abs·

1719 984 1795 1062 8<
1846 1008 1923 1060 in
1983 980 2218 1083 ipsum
2320 1009 2466 1087 que
2518 982 2945 1084 operatione
2987 1036 3007 1057 .
3140 1029 3149 1042 «

2570 1135 2625 1197 c
2711 1136 2772 1198 A
2862 1133 2906 1196 1>
2994 1132 3053 1197 υ
3137 1133 3203 1195 τ
3329 1133 3624 1224 Lxxxi.

2584 1270 2628 1331 5
2627 1267 2796 1329 olatio
2855 1265 3276 1348 precedentium
3318 1268 3600 1329 rationum
3630 1307 3649 1329 .
3774 1309 3787 1318 ·

2552 1402 2653 1477 As
2706 1415 2952 1477 autem
2994 1399 3311 1478 rationes
3331 1453 3358 1494 ,
3407 1399 3581 1498 quia
3632 1396 3900 1477 falsum

2599 1502 3104 1595 concludunt,
3192 1520 3274 1580 ut
3345 1524 3439 1580 ex
3527 1498 3898 1602 praemissis

2329 1605 2357 1703 (
2410 1628 2568 1701 cap.
2620 1602 2864 1682 lxx1x.
2919 1602 2946 1700 )
2996 1602 3357 1683 ostensum
3426 1601 3568 1701 est,
3621 1616 3915 1683 tentam

2333 1707 2513 1784 dum
2565 1704 2662 1783 est
2718 1705 3043 1782 solvere.

2443 1813 2557 1885 Ac
2582 1807 2825 1908 primo
2864 1806 3236 1885 sciendum
3288 1805 3435 1900 est,
3485 1806 3684 1908 quod
3716 1826 3904 1905 quae-
4030 1810 4037 1814 ’

2337 1933 2654 2007 cumque
2704 1925 2996 2009 oportet
3046 1909 3183 1986 esse
3238 1909 3560 1986 invicem
3615 1922 3902 2003 coapta·

2339 2030 2456 2104 ta,
2506 2011 2580 2088 8<
2630 2008 3176 2111 proportionata
3201 2065 3226 2103 ‚
3279 2007 3484 2088 simul
3542 2008 3905 2107 recipiunt

2336 2110 2942 2203 multitudinem,
3011 2111 3129 2191 vel
3183 2112 3584 2200 unitatem,
3636 2133 3903 2188 unum·

2333 2214 2673 2315 quodtme
2725 2237 2816 2290 ex
2869 2212 2990 2290 sua
3039 2213 3294 2292 causa.
3350 2213 3426 2290 Si
3481 2211 3708 2310 igitur
3760 2208 3907 2287 effe

2337 2314 2551 2394 unius
2617 2315 3016 2413 dependeat
3082 2315 3178 2393 ab
3228 2313 3465 2392 altero
3500 2368 3526 2407 ‚
3595 2312 3837 2391 unitas·
3872 2363 3905 2407 ‚

2334 2414 2457 2495 vel
2509 2413 3038 2515 multiplicatio
3106 2413 3259 2515 ejus
3329 2415 3555 2494 etiam
3622 2438 3714 2491 ex
3770 2410 3905 2490 illo

2335 2519 2740 2616 dependet:
2797 2517 3128 2615 alioquin
3182 2542 3274 2595 ex
3325 2517 3469 2593 alia
3520 2514 3729 2593 causa
3781 2535 3903 2591 ex-

2334 2620 2641 2697 trinseca
2672 2675 2690 2693 .
2767 2620 3115 2695 Formam
3194 2617 3423 2717 igitur
3455 2669 3484 2708 ,
3551 2617 3625 2693 8<
3673 2633 3905 2691 mate·

2335 2721 2523 2794 riam
2580 2717 2859 2815 semper
2913 2735 3202 2818 oportet
3255 2718 3393 2793 effe
3444 2716 3535 2793 ad
3572 2715 3904 2793 invicem

2334 2817 2885 2920 proportionata
2938 2878 2964 2917 ,
3047 2818 3121 2898 8(
3187 2817 3382 2919 quasi
3476 2816 3906 2897 naturaliter

2333 2939 2671 3022 coaptata
2698 2974 2727 3016 .,
2777 2920 2951 3022 quia
3004 2922 3334 3022 proprius
3386 2918 3585 3001 acius
3636 2921 3715 3001 in
3740 2943 3904 3021 pro-

2336 3024 2492 3127 pria
2544 3022 2852 3104 materia
2910 3021 3038 3103 fit:
3115 3026 3308 3105 unde
3363 3024 3642 3124 semper
3692 3028 3903 3123 opor·

2339 3145 2443 3208 tet
2494 3131 2691 3230 quod
2758 3126 3065 3206 materia
3109 3183 3137 3224 ‚
3221 3128 3295 3207 8<
3360 3124 3606 3206 forma
3656 3124 3907 3205 conse-

2332 3251 2647 3331 quantur
2699 3230 2767 3309 se
2836 3230 3163 3309 invicem
3234 3231 3314 3308 in
3367 3225 3840 3306 multitudine
3874 3277 3903 3321 ,

2336 3334 2409 3411 8<
2460 3334 2741 3409 unitate
2784 3390 2801 3407 .
2878 3332 2955 3409 Si
3015 3332 3242 3432 igitur
3290 3328 3429 3407 ess'e
3480 3326 3729 3405 formae
3783 3327 3904 3404 de·

2342 3436 2672 3532 pendeta
2709 3433 3059 3526 materia,
3112 3430 3638 3529 multiplicatio
3687 3426 3905 3528 ipsius

2341 3562 2382 3611 a
2438 3533 2742 3612 materia
2795 3534 3205 3632 dependet,
3255 3534 3326 3609 8<
3367 3530 3694 3611 similiter
3745 3528 3902 3607 uni»

2341 3653 2481 3715 tas.
2538 3636 2656 3715 Sic
2705 3655 2952 3713 autem
3023 3661 3169 3713 non
3240 3632 3379 3711 erit
3429 3633 3725 3732 quidem
3781 3653 3903 3708 ne·

2338 3738 2718 3818 cellarium
2774 3737 3246 3836 multiplicari
3299 3732 3611 3814 formam
3663 3732 3904 3812 secun·

2340 3844 2514 3920 dum
2572 3838 3268 3938 multiplicationem
3306 3838 3674 3931 materiae,
3730 3831 3909 3913 idest

2343 3943 2553 4020 simul
2605 3965 2776 4020 cum
2834 3941 3184 4036 materia,
3234 3939 3308 4019 8<
3352 3937 3905 4039 proportionem

2344 4044 2597 4144 ipsius3
2653 4063 2800 4120 non
2856 4060 3100 4119 autem
3128 4043 3228 4120 ita
3256 4042 3454 4138 quod
3506 4037 3908 4136 dependeat

2347 4148 2629 4238 unitaS‚
2681 4144 2797 4219 vel
2855 4145 3252 4221 multitudo
3303 4139 3520 4241 ipsius
3569 4135 3819 4216 sormae
3862 4161 3913 4217 a

2349 4246 2658 4325 materia
2696 4304 2712 4321 .
2790 4243 3175 4323 Ostensum
3229 4242 3325 4320 est
3377 4259 3623 4319 autem
3675 4241 3702 4336 (
3756 4264 3913 4337 cap.

2350 4346 2734 4441 lxv111.)
2820 4348 3016 4444 quod
3099 4345 3349 4423 anima
3422 4344 3741 4420 humana
3814 4338 3915 4418 est

2347 4449 2583 4529 forma
2635 4446 3030 4526 secundum
3067 4446 3267 4525 suum
3324 4446 3458 4524 ess'e
3510 4471 3553 4522 a
3607 4441 3915 4521 materia

2349 4579 2500 4630 non
2557 4551 3024 4649 dependens·:
3099 4551 3288 4626 unde
3343 4547 3662 4648 sequitur
3713 4542 3912 4643 quod

2348 4654 2930 4751 multiplicantur
2980 4652 3284 4749 quidem
3338 4650 3602 4725 animae
3673 4646 3917 4722 secun-

2346 4757 2525 4834 dum
2597 4754 2797 4853 quod
2885 4753 3470 4852 multiplicantur
3557 4769 3911 4846 corpora3

2351 4876 2504 4935 non
2586 4873 2835 4934 tamen
2926 4853 3449 4953 multiplicatio
3521 4867 3913 4946 corporum

2357 4960 2496 5037 erit
2548 4957 2754 5034 causa
2775 4954 3413 5054 multiplicationis·
3447 4951 3862 5027 animarum
3893 4972 3914 5021 t

690 5072 1004 5128 mortem
1057 5072 1301 5127 eorum
1336 5072 1489 5143 quae
1523 5044 1891 5145 scivimus
1947 5051 2259 5135 invita.
2365 5065 2473 5142 Et
2517 5060 2684 5140 ideo
2755 5083 2908 5138 non
2954 5073 3243 5157 oportet
3292 5055 3490 5155 quod
3540 5047 3915 5131 destruetis

815 5146 1800 5233 S.Tb.Comr.Gent.Tom.L

3162 5160 3257 5253 *K
3308 5155 3364 5233 k
3768 5174 3924 5232 cor·
