4597 5696
1277 424 1873 494 CONTRA
1961 417 2708 491 GErJT’lLEs
2793 422 3045 489 Lln.
3128 425 3193 489 1.

623 559 981 650 quantum
1031 546 1469 626 utrumlibet
1527 541 2026 643 oppofitorum
2082 569 2199 625 ex-

623 653 823 731 cedit
843 703 871 747 ,
921 649 994 727 8<
1046 651 1145 728 ob
1175 647 1313 727 hoc
1344 646 1868 739 determinatur
1918 644 2008 724 ad
2028 670 2199 725 neu·

617 769 816 833 trum
847 805 875 846 ‚
927 750 1046 829 sed
1094 752 1184 831 ad
1250 749 1688 829 utrumlibet
1755 750 1828 827 le
1901 746 2123 828 habet
2171 806 2193 826 .

3805 451 3928 511 ¹03-

2303 543 2663 626 m’tudine
2713 570 2859 623 non
2894 541 3281 639 flefletur.

2409 648 2777 747 Quamvis
2828 662 3076 725 autem
3127 645 3382 725 divina
3434 646 3771 731 voluntas
3794 653 3891 734 ad

2301 751 2423 830 sua
2475 751 2757 831 causata
2824 776 2975 830 non
3047 749 3577 829 determinetur
3629 806 3655 848 ‚
3724 779 3882 832 non

619 858 746 938 Sic
818 871 1066 931 autem
1142 851 1243 931 est
1320 853 1401 931 in
1471 851 1727 930 divina
1819 849 2196 930 voluntate
2298 869 2551 933 tamen
2605 869 2895 955 oportet
2945 852 3237 947 dicere,
3286 854 3484 953 quod
3535 852 3726 932 nihil
3751 881 3878 935 eo-

617 953 947 1057 respefflu
1001 954 1315 1037 aliorum
1366 980 1411 1031 a
1466 955 1583 1033 se:
1635 978 1814 1031 nam
1845 951 2191 1050 finisejus
2291 978 2459 1035 rum
2510 955 2699 1033 velit
2747 1010 2774 1052 ‚
2859 972 2987 1033 aut
3053 956 3255 1055 quod
3322 957 3413 1033 ad
3463 957 3876 1037 volendum

615 1088 660 1138 a
711 1055 920 1137 nullo
970 1057 1285 1137 aliorum
1336 1056 1694 1157 dependet
1840 1079 2014 1134 cum
2082 1072 2187 1135 ta·

2291 1059 2386 1137 ab
2411 1056 2666 1159 aliquo
2690 1055 3037 1137 exteriori
3061 1057 3589 1140 determinetur
3605 1116 3624 1137 .
3668 1064 3875 1141 Cum

618 1187 794 1240 men
877 1159 1027 1259 ipsa
1110 1159 1242 1238 fini
1323 1159 1451 1238 suo
1518 1114 2030 1259 perfegiiffime
2106 1157 2194 1238 fit
2271 1160 2502 1239 ,enim
2577 1162 2857 1239 bonum
2935 1159 3471 1261 apprehensum
3536 1159 3876 1242 volunta-

618 1264 828 1342 unita
868 1320 886 1339 .
945 1263 1125 1340 Non
1182 1262 1408 1362 igitur
1475 1274 1767 1361 oportet
1831 1259 2193 1361 potentia·

513 1375 522 1379 ’
614 1366 899 1445 litatem
968 1364 1292 1468 aliquam
1364 1367 1451 1446 in
1519 1363 1775 1444 divina
1853 1360 2187 1442 volunta·

626 1495 698 1547 te
751 1492 1057 1569 ponere.
1483 1552 1488 1559 ι

713 1570 1071 1649 Similiter
1118 1588 1369 1653 autem
1400 1566 1535 1651 nec
1577 1565 2176 1649 mutabilitatem.

611 1672 689 1754 Si
745 1672 945 1752 enim
1003 1674 1078 1750 in
1115 1674 1370 1753 divina
1405 1672 1788 1752 voluntate
1840 1670 2042 1749 nulla
2073 1670 2177 1749 est

609 1775 1157 1876 potentialitasv,
1207 1801 1360 1854 non
1415 1774 1507 1853 fic
1560 1771 1835 1871 absque
1887 1772 2179 1850 necesti-

612 1897 758 1959 tate
811 1877 1123 1955 alterurn
1197 1875 1694 1977 oppofitorum
1764 1872 2180 1973 praeaccipit

609 1981 802 2059 circa
859 1979 980 2057 sua
1029 1979 1315 2059 causata
1352 2032 1379 2072 ‚
1431 1974 1629 2078 quali
1695 1972 2183 2054 confiderettir

607 2082 690 2159 in
742 2082 1071 2183 potentia
1121 2082 1214 2158 ad
1266 2094 1663 2176 utrumque
1700 2129 1727 2171 ‚
1780 2091 1863 2155 ut
1931 2076 2182 2175 primo

610 2182 697 2261 fit
747 2183 1004 2262 volens
1057 2181 1387 2282 potentia
1437 2176 1969 2275 utrumque‚&
1989 2175 2174 2275 post·

537 2304 542 2309 “
604 2284 911 2362 modum
961 2284 1217 2363 volens
1268 2279 1496 2371 αξὶιις
1553 2278 1672 2356 sed
1723 2276 2007 2376 semper
2072 2275 2176 2355 est

601 2387 857 2465 volens
909 2385 1120 2479 affin,
1170 2380 1523 2486 quicquid
1571 2378 1734 2459 vult
1765 2434 1793 2475 ‚
1842 2404 1995 2457 non
2069 2377 2178 2457 so-

607 2487 768 2567 lum
821 2486 1015 2566 circa
1068 2487 1188 2582 se,
1241 2486 1360 2565 sed
1413 2484 1640 2561 etiam
1691 2483 1887 2561 circa
1936 2480 2177 2560 causa·

602 2604 678 2668 ta
711 2647 730 2667 .
785 2591 924 2670 Sed
975 2589 1151 2691 quia
1201 2588 1522 2668 volitum
1578 2609 1730 2664 non
1783 2583 2006 2662 habet
2054 2606 2176 2660 ne-

600 2692 987 2771 cessarium
1036 2691 1376 2770 ordinem
1427 2688 1517 2763 ad
1567 2686 1899 2763 divinam
1971 2682 2176 2761 boni-

602 2806 832 2872 tatem
867 2847 898 2886 ‚
945 2819 1104 2892 quae
1177 2791 1274 2868 est
1345 2785 1725 2890 proprium
1795 2782 2170 2879 objeaum

599 2895 869 2974 divinae
921 2891 1322 2973 voluntatis
1360 2944 1387 2984 ‚
1444 2913 1571 2988 per
1639 2888 1947 2965 modum
2025 2910 2180 2985 quo

603 3022 758 3075 non
814 2994 1197 3073 neceffaria
1236 3047 1263 3088 ‚
1333 2991 1452 3070 sed
1526 2989 1885 3090 poffibilia
1951 3012 2174 3065 enun-

604 3095 897 3179 tiabilia
949 3095 1305 3190 dicimu3‚
1359 3118 1531 3172 cum
1584 3119 1734 3172 non
1787 3091 1887 3169 est
1937 3087 2174 3169 neces·

603 3199 828 3276 sarius
878 3200 1058 3277 ordo
1107 3196 1470 3298 praedicati
1525 3196 1615 3272 ad
1694 3191 2098 3290 subjeetum
2149 3216 2176 3286 ς

607 3302 801 3379 unde
882 3325 1056 3378 cum
1124 3299 1394 3376 dicitur
1431 3350 1458 3390 ‚
1529 3300 1730 3373 Deus
1801 3292 1965 3373 vult
2035 3295 2176 3371 hoc

610 3402 1035 3483 causatum:
1090 3397 1557 3478 manifestum
1607 3394 1708 3472 est
1763 3398 1902 3473 effe
1955 3419 2180 3471 enun-

607 3502 869 3586 tiabile
920 3499 1596 3582 non-necessarium
1648 3499 1767 3575 sed
1819 3494 2179 3596 poffibile‚

612 3599 751 3684 illo
799 3605 1025 3684 modo
1130 3629 1227 3683 uo
1277 3603 1545 3680 dicitur
1621 3598 1902 3698 aliquid
1973 3595 2180 3698 posti-

616 3705 769 3788 bile
838 3731 992 3785 non
1098 3705 1460 3784 ecundum
1529 3701 1860 3801 aliquam
1938 3717 2185 3798 poten·

616 3810 856 3901 tiam,
909 3807 1278 3908 sedquod
1325 3830 1475 3884 non
1532 3805 1812 3882 necesse
1864 3800 1963 3879 est
2016 3804 2187 3896 esse,

613 3935 752 3990 nec
804 3908 1243 4010 impossibile
1295 3906 1395 3986 est
1447 3908 1588 3984 ess'e
1618 3960 1646 3999 ,
1724 3921 1807 3984 ut
1856 3902 2182 3985 Philoso-

618 4009 826 4114 phus
904 4010 1126 4092 tradit
1212 4010 1293 4088 in
1349 4013 1444 4085 V.
1514 4005 1854 4106 Metaph.
1927 4006 1957 4106 (
2009 4019 2184 4084 text.

613 4137 891 4192 comm.
940 4108 1412 4207 xv11.)s1cut
1463 4107 1915 4207 triangulum
1969 4108 2185 4184 babe-

615 4236 696 4290 re
747 4215 894 4292 duo
943 4212 1192 4291 latera·
1220 4209 1549 4311 aequalia,
1578 4209 1678 4290 est
1731 4207 2185 4288 enuntiabile

614 4313 952 4416 possibile
1001 4367 1028 4407 ‚
1099 4337 1255 4390 non
1305 4331 1554 4390 tamen
1607 4312 2001 4390 secundum
2056 4310 2186 4390 ali·

612 4438 845 4515 quam
896 4413 1303 4514 potentiam
1345 4441 1370 4507 ς
1419 4438 1593 4492 cum
1648 4414 1722 4492 in
1780 4413 2183 4492 mathema-

613 4516 785 4597 ticis
839 4541 989 4592 non
1041 4514 1128 4592 fit
1178 4516 1559 4613 potentia,
1610 4539 1851 4613 neque
1903 4535 2186 4597 motus.

610 4615 966 4700 Exclufio
1043 4616 1268 4714 igitur
1338 4616 1770 4696 neceffitatis
1823 4617 2174 4717 praediRae

611 4718 1297 4801 immutabilitatem
1319 4718 1583 4797 divinae
1610 4719 2007 4798 voluntatis
2027 4745 2180 4798 non

614 4822 872 4908 tollit:
949 4821 1171 4922 quod·
1218 4821 1447 4901 etiam
1543 4818 1910 4919 Scriptura
1989 4820 2182 4902 sacra

611 4923 1002 5029 profitetur
1065 4928 1121 5002 1.
1177 4927 1475 5025 Regum
1526 4947 1645 5001 xv.
1703 4948 1819 5024 29.
1877 4926 2178 5004 Trium-

615 5028 885 5142 phator
933 5025 1018 5113 in
1067 5023 1299 5131 Israel
1347 5053 1493 5108 non
1539 5045 1836 5134 parcet,
1882 5025 2178 5134 &1³oe-

2300 1279 2456 1343 tem
2530 1261 2710 1342 ficut
2760 1263 3143 1362 proprium
3218 1260 3593 1360 objet'tum
3643 1264 3878 1343 deter-

2293 1365 2580 1453 minet3
2632 1363 3048 1445 intellefflus
3088 1364 3659 1445 autemdivinus
3712 1390 3878 1445 non

2289 1467 2381 1547 fit
2429 1485 2811 1547 extraneus
2861 1470 2959 1545 ab
3012 1467 3165 1565 ejus
3210 1466 3644 1562 voluntate,
3696 1493 3875 1547 cum

2278 1588 2675 1671 utrumque
2743 1570 2833 1647 fit
2886 1570 3010 1647 sua
3059 1568 3416 1659 ess'entia3
3507 1567 3560 1647 fi
3611 1569 3875 1652 volun-
3990 1570 3991 1573 ‘

2281 1691 2392 1753 tas
2451 1672 2595 1752 Dei
2650 1673 2743 1751 ad
2793 1670 3076 1771 aliquid
3130 1670 3537 1748 volendum
3590 1695 3719 1771 per
3753 1671 3865 1750 sui

2285 1771 2702 1852 intellectus
2754 1772 3266 1871 cognitionem
3310 1773 3869 1868 determinetur,

2283 1902 2438 1952 non
2510 1874 2652 1952 erit
2702 1872 3225 1952 determinatio
3297 1871 3701 1955 voluntatis
3753 1873 3865 1953 di·

2282 1976 2477 2055 vinae
2744 1974 3027 2091 aliquid
3114 1992 3547 2057 extraneum
3620 1972 3811 2054 satta
3836 2002 3864 2056 τ

2282 2075 2499 2156 intell
2618 2103 2702 2155 us
2774 2100 2981 2155 emm
3051 2077 3343 2156 divinus
3412 2103 3566 2156 non
3620 2076 3864 2158 solum

2276 2175 2758 2278 apprehendit
2809 2176 3155 2255 divinum
3207 2181 3350 2256 effe
3404 2234 3433 2274 ‚
3503 2180 3704 2279 quod
3754 2176 3861 2257 est

2276 2278 2566 2357 bonitas
2631 2277 2785 2376 ejus
2827 2332 2855 2373 ‚
2927 2277 3049 2356 sed
3100 2278 3327 2358 etiam
3407 2280 3552 2358 alia
3605 2284 3798 2361 bona
3822 2332 3853 2377 ‚

2277 2395 2365 2459 ut
2431 2380 2637 2481 supra
2705 2380 2732 2479 (
2784 2405 2939 2482 cap.
2991 2380 3189 2461 xlrx.
3270 2381 3635 2462 ostensum
3707 2381 3854 2463 est:

2277 2506 2441 2581 quae
2491 2484 2794 2582 quidem
2845 2485 3329 2583 apprehendit
3380 2500 3464 2564 ut
3514 2483 3858 2564 fimilitu-

2278 2583 2487 2663 dines
2537 2585 2885 2684 quasdam
2964 2584 3232 2663 divina:
3304 2586 3658 2665 bonitatis
3694 2638 3723 2682 ‚
3773 2586 3854 2664 δε

2280 2684 2593 2762 ess'entiae
2636 2736 2662 2778 ‚
2730 2710 2886 2762 non
2937 2700 3020 2762 ut
3070 2684 3225 2782 ejus
3274 2684 3700 2786 principia3
3775 2685 3855 2764 δε

2280 2786 2376 2864 fic
2430 2785 2767 2865 voluntas
2838 2783 3091 2864 divina
3163 2788 3246 2866 in
3294 2787 3425 2867 illa
3476 2788 3715 2868 tendit
3763 2799 3852 2869 ut
3928 2808 3933 2818 “

2277 2888 2415 2994 sua:
2468 2886 2781 2967 bonitati
2820 2888 3341 2969 convenientia
3363 2944 3391 2987 ‚
3441 2917 3593 2970 non
3644 2907 3729 2970 ut
3751 2889 3848 2971 ad

2278 2989 2483 3068 suam
2556 2988 2966 3068 bonitatem
3031 2994 3418 3070 neceffaria
3454 3048 3473 3069 .
3547 2993 3670 3072 Sic
3719 3017 3850 3073 au·

2278 3107 2433 3170 tem
2499 3090 2573 3169 8<
2637 3090 2716 3169 in
2769 3086 3006 3168 nostra
3080 3093 3462 3172 voluntate
3509 3095 3780 3175 accidit
3812 3143 3847 3190 ,

2277 3194 2476 3294 quod
2525 3217 2699 3271 cum
2751 3192 2843 3270 ad
2893 3193 3170 3293 aliquid
3222 3195 3619 3275 inclinatur
3645 3196 3850 3297 quali

2277 3294 2750 3373 necessarium
2791 3292 3258 3394 fimpliciter,
3309 3316 3392 3377 ut
3442 3298 3533 3376 ad
3582 3298 3846 3392 finem,

2277 3396 2592 3494 quadam
2642 3394 3056 3473 necestitate
3108 3417 3447 3478 movetur
3500 3401 3579 3477 in
3634 3399 3847 3491 illud3

2277 3521 2453 3575 eum
2503 3510 2750 3573 autem
2819 3497 3054 3576 tendit
3125 3499 3207 3576 in
3276 3501 3556 3602 aliquid
3582 3501 3844 3580 ,solum

2282 3613 2579 3700 propter
2671 3597 3268 3678 convenientiam
3360 3605 3760 3703 quamdam
3807 3654 3844 3700 ‚

2284 3725 2442 3780 non
2491 3699 2883 3779 neceffario
2934 3701 3015 3780 in
3066 3702 3247 3781 illud
3290 3707 3563 3785 tendit.
3618 3708 3847 3787 Unde

2283 3826 2424 3883 nec
2509 3801 2762 3882 divina
2856 3804 3198 3885 voluntas
3266 3808 3502 3889 tendit
3578 3809 3670 3888 in
3719 3808 3852 3892 sua

2283 3903 2570 3990 emsata
2620 3902 3048 3986 necess'ario.

2391 4009 2560 4088 Nec
2612 4009 2840 4085 etiam
2871 4023 3167 4190 gfiortet
3192 4023 3489 4114 propter
3537 4015 3850 4114 praemis-

2281 4107 2359 4187 sa
2410 4107 2821 4187 innaturale
2949 4112 3148 4212 'quid
3200 4114 3279 4191 in
3335 4121 3504 4196 Deo
3552 4139 3850 4216 ponere.

2288 4207 2655 4289 Voluntas
2703 4237 3030 4313 namque
3084 4213 3206 4291 sua
3256 4240 3410 4294 uno
3456 4219 3531 4296 8<
3582 4221 3849 4302 eodem

2286 4307 2457 4389 actu
2508 4313 2670 4392 vult
2721 4314 2790 4391 se
2846 4369 2873 4411 ‚
2938 4318 3011 4394 8(
3065 4316 3246 4393 alia.
3299 4321 3440 4399 Sed
3488 4321 3849 4404 habitudo

2287 4410 2443 4510 ejus
2495 4416 2587 4493 ad
2639 4416 2711 4493 se
2761 4416 2860 4493 est
2911 4418 3299 4497 necessaria
3338 4478 3366 4519 ‚
3433 4443 3512 4505 et
3561 4444 3846 4505 natura-

2285 4516 2381 4595 lis
2430 4540 2458 4602 ε,
2509 4517 2862 4597 habitudo
2908 4538 3155 4600 autem
3207 4521 3360 4605 eius
3408 4529 3500 4606 ad
3550 4529 3696 4606 alia
3747 4523 3853 4606 est

2279 4619 2671 4698 secundum
2754 4625 3354 4705 convenientiam
3405 4632 3849 4730 quamdam,

2279 4746 2432 4798 non
2486 4723 2790 4839 quidem
2841 4728 3228 4807 necessaria
3262 4784 3291 4825 ‚
3340 4748 3417 4811 et
3466 4733 3844 4829 naturalis,⁸

2281 4847 2521 4922 neque
2570 4826 2899 4909 violenta
2937 4881 2964 4925 ‚
3013 4852 3140 4914 aut
3192 4833 3663 4929 innaturaliS‚
3718 4835 3843 4913 sed

2283 4928 2700 5043 voluntaria
2736 4961 2756 5012 z
2809 4932 3008 5033 quod
3058 4950 3307 5012 autem
3358 4933 3459 5014 est
3508 4934 3844 5013 volunta-

2278 5052 2478 5115 num
2524 5085 2556 5136 ,
2620 5057 2862 5140 neque
2928 5035 3258 5118 naturae
3290 5090 3323 5137 ,
3395 5058 3635 5138 neque
3683 5035 3845 5223 xltio-

3726 5160 3869 5230 ea«.
