4597 5696
785 365 897 438 148

766 483 1218 582 relinquitur
1270 481 1471 579 quod
1523 480 1779 558 omnia
1835 485 2039 559 Deus
2107 481 2356 561 secun-

754 587 946 664 dum
1000 584 1201 661 suam
1253 581 1684 680 sapientiam
1738 599 2120 683 operatur.

866 715 934 764 2.
994 690 1225 764 Item.
1283 687 1537 763 Omne
1588 710 1810 785 agens
1863 685 2019 785 agit
2072 684 2200 763 fibi
2258 685 2340 763 fi-

761 789 981 868 mile:
1054 788 1246 865 unde
1300 806 1592 887 oportet
1663 789 1858 888 quod
1946 787 2341 868 secundum

758 893 907 970 hoc
958 906 1127 990 agat
1178 891 1754 989 unumquodque
1784 914 2048 994 agens,
2102 889 2346 968 secun·

762 995 945 1072 dum
998 994 1200 1092 quod
1220 992 1453 1076 ‚habet
1491 990 2045 1070 similitudinem
2102 992 2204 1071 sui
2246 988 2348 1068 ef·

766 1092 1046 1188 fectus,
1102 1092 1278 1196 ficut
1332 1094 1358 1171 i
1418 1094 1525 1172 nis
1579 1092 1920 1175 ealefacit
1954 1094 2350 1173 secundum

766 1199 1075 1276 modum
1130 1195 1238 1273 sui
1290 1222 1373 1275 ca
1406 1197 1550 1274 oris
1588 1253 1607 1273 .
1664 1198 1804 1274 Sed
1884 1197 1963 1274 in
2015 1197 2352 1297 quolibet

769 1318 1036 1398 agente
1104 1322 1235 1397 per
1302 1298 1764 1376 voluntatem
1803 1352 1828 1392 ‚
1914 1299 2354 1399 inquantum

767 1398 1241 1497 hujusmodi,
1296 1398 1392 1476 est
1449 1397 1849 1478 similitudo
1903 1400 2009 1478 sui
2052 1399 2352 1480 effectus

768 1502 1169 1581 secundum
1223 1500 1633 1579 intellectus
1669 1500 2340 1601 apprehensionem:

768 1602 827 1682 fi
880 1602 1085 1681 enim
1139 1601 1375 1681 solum
1447 1603 1840 1682 secundum
1896 1620 2165 1683 naturae
2218 1605 2350 1683 dis·

771 1703 1210 1807 positionem
1263 1704 1517 1785 inesset
1571 1704 1970 1784 similitudo
2050 1705 2352 1786 effectus

770 1807 1021 1906 agenti
1074 1808 1494 1887 voluntario
1519 1863 1545 1905 ‚
1596 1834 1747 1887 non
1783 1823 2032 1909 ageret
2076 1807 2219 1888 nisi
2275 1836 2354 1887 u·

770 1935 999 2006 num,
1075 1911 1249 2011 quia
1304 1911 1496 1990 ratio
1569 1911 1915 1992 naturalis
1985 1911 2199 1990 unius
2252 1908 2353 1988 est

768 2038 915 2091 una
969 2028 1257 2091 tantum
1290 2072 1307 2089 .
1364 2016 1617 2092 Omne
1673 2014 1898 2113 igitur
1948 2038 2172 2113 agens
2225 2040 2351 2090 vo-

773 2115 1179 2192 luntarium
1260 2117 1546 2193 roducit
1582 2116 1926 2192 effectum
1954 2113 2350 2193 secundum

776 2215 1145 2317 rationem
1232 2216 1307 2291 ui
1346 2215 1796 2293 intellectus.
1856 2219 2055 2292 Deus
2107 2231 2357 2292 autern

769 2313 931 2415 agit
982 2340 1113 2414 per
1162 2315 1670 2411 voluntatem,
1723 2331 1804 2391 ut
1842 2313 2206 2392 ostensum
2235 2315 2355 2391 e‘st.

770 2416 1019 2517 Igitur
1071 2440 1200 2517 per
1253 2416 1687 2516 sapientiam
1763 2415 1869 2494 sui
1943 2414 2356 2497 intellectus

774 2544 892 2604 res
945 2517 1026 2597 in
1077 2520 1216 2596 effe
1270 2520 1648 2618 producit.

882 2647 948 2726 3.
981 2619 1344 2720 Amplius.
1378 2621 1793 2701 Secundum
1828 2618 2358 2720 Philosophum

777 2725 862 2802 in
918 2728 974 2803 Ι.
1031 2724 1374 2824 Metaph.
1431 2723 1458 2822 (
1513 2748 1667 2823 cap.
1704 2750 1844 2800 ·11.
1898 2723 1927 2821 )
1976 2723 2362 2818 ordinare,

768 2826 1123 2926 ,sapientis
1178 2824 1327 2904 est:
1404 2825 1777 2915 ordinatio
1828 2825 2030 2904 enim
2086 2824 2364 2924 aliquo·

775 2952 945 3005 rum
999 2928 1159 3003 fieri
1216 2953 1368 3005 non
1419 2928 1693 3026 potest,
1746 2925 1878 3005 nifi
1931 2951 2060 3026 per
2110 2926 2368 3028 cogni-

781 3029 1070 3109 tionem
1144 3028 1597 3107 habitudinis
1622 3083 1647 3123 ,
1725 3029 1799 3106 8<
1869 3028 2361 3127 proportionis

779 3130 1292 3210 ordinatorum
1358 3132 1449 3207 ad
1502 3129 1872 3224 invicem,
1942 3130 2016 3206 8<
2085 3131 2177 3206 ad
2231 3128 2364 3208 ali-

784 3234 967 3334 quid
1021 3230 1280 3327 altius'‚
1329 3233 1529 3332 quod
1580 3229 1677 3310 est
1713 3228 1883 3313 finis
1934 3255 2368 3324 eorum3or-

778 3339 886 3415 do
916 3332 1137 3412 enim
1214 3334 1631 3434 aliquorum
1700 3334 1796 3410 ad
1864 3332 2188 3411 invicem
2264 3331 2367 3409 est
2441 3390 2450 3399 .

782 3454 1080 3539 propter
1109 3436 1447 3513 ordinem
1501 3458 1758 3513 eorum
1805 3434 1897 3511 ad
1933 3433 2200 3511 finem.
2226 3438 2367 3513 Co·

786 3539 1131 3640 gnoscere
1185 3554 1435 3616 autem
1490 3536 1957 3614 habitudines
1983 3590 2008 3629 ‚
2075 3536 2148 3613 8<
2204 3561 2365 3637 pro-

784 3642 1161 3742 portiones
1212 3640 1632 3754 aliquorum
1684 3639 1775 3715 ad
1831 3637 2153 3716 invicem
2191 3637 2369 3732 ‚1est

781 3742 1002 3834 solius
1075 3740 1411 3817 habentis
1466 3737 1978 3833 intelleetumt,
2056 3739 2370 3840 iudicare

781 3859 1032 3919 autem
1085 3843 1173 3918 de
1227 3841 1594 3939 aliquibus
1650 3864 1777 3941 per
1827 3837 2116 3919 causam
2168 3840 2364 3919 altis-

780 3943 1090 4039 simam,
1142 3938 1513 4041 sap'ientiae
1567 3941 1714 4037 est3
1782 3943 1856 4020 8<
1925 3941 2021 4020 fic
2073 3957 2365 4041 oportet

777 4048 982 4152 quod
1034 4045 1279 4125 omnis
1331 4044 1701 4124 ordinatio
1752 4043 1880 4143 pe'r
1932 4042 2368 4144 sapientiam

783 4146 1629 4245 alicujus'intelligentis
1681 4145 1856 4224 fiat:
1917 4148 2108 4223 unde
2159 4146 2233 4223 8<
2284 4146 2369 4224 in

786 4250 1234 4330 mechanicis
1305 4251 1755 4328 ordinatores
1829 4247 2308 4327 aedificiorum
2343 4301 2372 4343 ‚

784 4350 1138 4448 sapientes
1192 4352 1389 4429 illius
1442 4350 1742 4431 artificii
1771 4350 2157 4430 dicuntur.
2219 4352 2372 4429 Res

790 4466 1045 4530 autem
1099 4475 1259 4550 quae
1313 4451 1476 4533 sunt
1526 4479 1571 4531 a
1609 4458 1775 4532 Deo
1823 4448 2187 4555 produRae
2211 4506 2239 4545 ‚
2267 4474 2380 4529 or-

795 4554 1053 4635 dinem
1105 4552 1197 4628 ad
1250 4553 1575 4633 invicem
1629 4554 1899 4639 habent
1950 4573 2104 4632 non
2138 4552 2382 4632 casua·

790 4657 1009 4749 lem3
1087 4678 1324 4755 quum
1377 4653 1514 4734 fint
1567 4655 1848 4759 semper
1887 4712 1916 4755 ‚
1984 4655 2107 4735 vel
2159 4672 2243 4735 ut
2293 4654 2377 4734 in

792 4756 1179 4863 pluribus:
1233 4757 1308 4834 8<
1359 4753 1453 4834 fic
1508 4775 1707 4856 patet
1757 4761 1957 4856 quod
2010 4763 2211 4839 Deus
2261 4781 2375 4836 res

799 4861 883 4942 in
934 4860 1099 4941 effe
1126 4856 1466 4961 produxit
1501 4881 1624 4939 eas
1665 4859 2074 4941 ordinando
2098 4919 2117 4938 .
2162 4860 2378 4942 Deus
2478 4859 2814 4961 potentia
2862 4853 3106 4938 afi'tiva
3155 4854 3259 4938 est
3309 4854 3404 4934 ad
3450 4877 3666 4953 agere
3703 4907 3731 4952 ,
3781 4867 4031 4952 poten-

1389 367 1509 429 DE
1573 367 2163 433 VERITATE
2226 353 2948 434 cA'THoLchE
3009 371 3320 438 FIDEI

2457 483 2485 560 i
2543 484 2689 561 itur
2741 508 2888 582 per·
2923 481 3126 560 suam
3192 481 3619 581 sapientiam
3661 489 3782 564 'res
3834 486 3916 568 in
3946 487 4059 567 (τί-ι

2496 611 2536 663 e
2589 585 2975 686 produxit.
3109 639 3114 645 ·

2549 715 2621 786 4
2680 687 2982 767 Adhuc.
3043 691 3153 766 Ea
3203 707 3363 788 quae
3419 688 3581 766 sunt
3624 715 3666 765 a
3701 690 4050 771 volunta·

2449 807 2522 868 te
2555 845 2580 884 ,
2638 789 2755 867 vel
2813 791 2973 868 sunt
3001 791 3359 889 agibilia,
3414 787 3590 868 ficut
3637 785 3835 869 astus
3887 794 4036 872 vir-

2451 909 2743 986 tutum,
2795 893 2925 992 qui
2982 892 3146 971 sunt
3197 889 4035 993 perfeetiones'operan-

2454 993 2545 1072 tis
2580 1048 2606 1088 ‚
2659 993 2779 1072 vel
2836 995 3208 1072 transeunt
3260 994 3339 1072 in
3396 993 3836 1072 exteriorem
3889 1022 4058 1075 ma-

2453 1095 2763 1191 teriam,
2816 1121 2975 1196 quae
3004 1095 3364 1175 faffibilia
3400 1095 3780 1174 dicuntur:
3833 1096 3908 1174 8<
3960 1096 4059 1178 fic

2453 1189 2655 1299 patet
2762 1201 2907 1277 uod
2957 1223 3069 1278 res
3120 1217 3374 1277 creatae
3430 1198 3598 1275 sunt
3649 1222 3693 1273 a
3739 1200 3918 1276 Deo
3971 1186 4059 1320 si·

2456 1318 2581 1381 cut
2633 1298 2704 1378 fa
2782 1328 2839 1381 ae
2868 1357 2888 1375 .
2968 1300 3453 1380 Faffibilium
3524 1309 3775 1377 autem
3861 1319 4056 1381 ratlo

2456 1401 2556 1482 est
2608 1428 2767 1500 ars,
2820 1402 2998 1484 ficut
3031 1402 3211 1483 dicit
3246 1400 3723 1500 Philosophus
3753 1460 3771 1478 .
3825 1406 4048 1483 Com-

2447 1523 2791 1607 parantur
2871 1531 3052 1607 ergo
3104 1531 3360 1584 omnes
3434 1528 3546 1581 res
3617 1520 3871 1583 creatae
3944 1507 4038 1593 ad

2457 1612 2705 1686 Deum
2775 1605 2954 1688 ficut
3004 1608 3391 1687 artificiata
3463 1607 3554 1682 ad
3627 1604 4035 1685 artificem.

2455 1711 2596 1789 Sed
2648 1707 2911 1788 artifex
2985 1736 3113 1809 per
3162 1711 3499 1789 ordinem
3573 1705 3708 1784 suae
3764 1708 4039 1806 sapien-

2458 1812 2630 1907 tiae,
2702 1813 2774 1890 8<
2829 1811 3244 1892 intellectus
3297 1807 3684 1889 artificiata
3768 1810 3845 1887 in
3898 1810 4042 1889 else

2456 1913 2838 2014 producit.
2898 1919 3100 2014 Ergo
3151 1916 3225 1993 8<
3284 1916 3482 1990 Deus
3537 1936 3798 1988 omnes
3849 1938 4042 1991 crea·

2457 2036 2650 2095 tutas
2706 2042 2833 2117 per
2883 2019 3220 2096 ordinem
3259 2015 3360 2092 sui
3400 2012 3816 2092 intelleRus
3846 2012 4043 2094 fecit.

2568 2121 2734 2195 Hoc
2788 2137 3037 2196 autern
3091 2119 3342 2195 divina
3387 2112 3823 2194 auStoritate
3874 2142 4045 2194 con-

2461 2217 2832 2295 firmatur:
2895 2244 3070 2295 nam
3098 2219 3366 2296 dicitur
3420 2218 3498 2291 in
3527 2213 3786 2292 Psalm.
3822 2240 4068 2294 c111.·

2468 2346 2584 2413 24.
2661 2319 2930 2396 omnia
3004 2320 3084 2398 in
3138 2316 3523 2415 sapientia
3582 2313 3890 2411 fecisti:
3964 2317 4044 2397 8<

2461 2423 2670 2497 Prov.
2704 2447 2732 2497 1
2757 2447 2865 2497 11.
2903 2447 3013 2517 19.
3038 2418 3402 2499 Dominus
3435 2414 3825 2518 sapientia
3859 2413 4070 2544 fun-⁴

2463 2520 2690 2599 davit
2743 2545 3058 2601 terram.

2567 2627 2703 2702 Per
2759 2624 2916 2702 hoc.
2953 2639 3200 2702 autem
3240 2621 3644 2702 excluditur
3693 2644 4044 2722 quorum·

2465 2726 2635 2803 dam
2689 2751 2939 2820 error,
2989 2725 3119 2824 qui
3170 2723 3568 2818 dicebant,
3641 2724 3894 2803 omnia
3948 2746 4040 2798 ex

2469 2826 2808 2928 fimplici.
2863 2826 3115 2906 divina
3186 2827 3567 2906 voluntate
3638 2823 4042 2925 dependere

2449 2929 2733 3041 ¹absque
2785 2930 3035 3031 aliqua
3084 2928 3410 3051 ratione.

2761 3071 3391 3134 CAPUT
3556 3070 3766 3131 XXV.

2471 3192 2742 3278 Qualiter
2796 3195 2952 3254 Deus
3009 3193 3345 3273 omnipotens
3373 3234 3392 3263 ‚
3479 3191 3703 3252 dicatur
3779 3186 4036 3272 qqaedam

3102 3296 3209 3333 non
3242 3290 3313 3354 po
3311 3273 3388 3354 ffe
3407 3313 3424 3331 .

2673 3398 2725 3458 1.
2771 3398 2934 3460 Part.
2979 3393 3162 3476 quaest.
3211 3415 3353 3457 xxv.
3399 3412 3508 3455 art.

3555 3389 3843 3472 3.&4.

2659 3537 2725 3614 X
2781 3536 3150 3637 praemissis
3201 3553 3449 3614 autem
3502 3532 3735 3631 accipi
3806 3530 4038 3641 potest

2688 3640 2885 3737 quod
2935 3638 3274 3737 quamvis
3335 3641 3530 3712 Deus
3586 3633 3669 3710 fit
3697 3655 4038 3727 omnipo·

2473 3756 2679 3832 tens,
2697 3741 2977 3916 ggqu?
3031 3755 3280 3911 tamftn
3330 3735 3598 3910 dicituir
3639 3756 3791 3809 non
3811 3731 4034 3931 posse.

2581 3865 2640 3913 1.
2836 3864 2928 3916 en
2959 3862 3086 3914 um
3137 3861 3179 3912 e
3291 3858 3494 3914 emm
3581 3860 3626 3912 u
3680 3857 3756 3910 ra
3875 3857 4032 3932 cap.

2465 3964 2636 4020 xvr.
2691 3938 2718 4036 )
2773 3940 2852 4016 in
2929 3942 3094 4016 Deo
3168 3937 3309 4016 esse
3381 3859 3789 4035 potentiam
3856 3934 4039 4015 affl

2472 4065 2711 4134 vam3
2788 4039 3196 4140 potentiam
3268 4062 3448 4117 vero
3528 4037 3881 4138 passivam
3956 4037 4041 4114 in

2469 4146 2639 4222 Deo
2690 4167 2840 4219 non
2893 4144 3030 4220 effe
3055 4195 3082 4238 ‚
3134 4157 3217 4221 ut
3270 4140 3477 4239 supra
3529 4140 3610 4217 in
3650 4138 3893 4239 primo
3917 4137 4040 4216 Li-

2474 4246 2610 4323 bro
2661 4241 3020 4323 ostensum
3098 4242 3199 4322 est
3223 4299 3244 4319 .
3315 4245 3729 4322 Secundum
3784 4256 4038 4319 autem

2473 4362 2858 4445 utramque
2910 4346 3318 4447 potentiam
3403 4344 3720 4423 dicimur
3772 4343 3963 4443 posse
4014 4396 4037 4417 .

2482 4447 2622 4526 Illa
2672 4447 2901 4547 igitur
2954 4452 3155 4527 Deus
3205 4472 3356 4525 non
3425 4445 3654 4547 potest
3722 4470 3881 4543 quae
3932 4441 4065 4539 (111

2479 4550 2676 4651 posse
2728 4549 3071 4652 potentiae
3125 4548 3412 4650 paffivae
3467 4548 3631 4627 sunt
3654 4604 3673 4623 .

2582 4652 2774 4752 Quae
2825 4667 3074 4732 autem
3126 4650 3540 4749 huiusmodi
3593 4648 3731 4727 fint
3753 4703 3779 4745 ‚
3830 4648 4036 4725 inve-

2477 4753 2891 4854 stigandum
2942 4755 3078 4833 est.
3131 4752 3385 4834 Primo
3452 4752 3755 4852 quidem
3809 4749 4060 4849 igitur-

3931 4947 4058 5026 tia·

820 5046 3645 5098 ——————-—-·
2961 5035 4060 5126 ,ζῇ-*π-

820 5099 2013 5193 -L-Wptmzmotn
2048 5121 2166 5179 sum
2197 5122 2464 5191 kendus
2497 5124 2610 5183 est?
