4597 5696
1233 388 1824 462 CONTRA
1911 400 2658 468 GENTI'LES
2744 405 3175 470 L113.11.

586 496 828 585 'terimi
872 500 1060 583 'alias
1109 528 1260 585 non
1313 510 1542 607 posset
1597 513 1673 592 in
1700 513 1944 597 aestum
2001 544 2159 620 pro·

584 608 848 685 ducere
919 606 1269 708 quicquid
1350 612 1448 688 est
1517 615 1597 693 in
1675 617 1792 695 sua
1886 622 2159 701 virtute

587 705 833 785 affiva
867 763 894 802 ‚
969 708 1042 784 8<
1096 710 1189 789 fic
1263 707 1515 793 frustra
1585 718 1887 801 haberet
1936 724 2158 804 virtu-

588 826 748 888 tem
797 809 887 887 ad
940 808 1103 888 illa.
1161 816 1486 895 Materia
1531 839 1781 900 autern
1833 851 1985 904 non
2039 826 2159 904 ha-

590 912 718 990 bet
789 910 1012 989 talem
1091 919 1646 1015 proportionem
1723 927 1814 1003 ad
1870 932 2158 1006 Deum:

592 1039 745 1092 non
800 1013 1003 1128 enim
1060 1014 1141 1095 in
1179 1020 1488 1098 materia
1540 1023 2019 1129 estpotentia
2071 1032 2161 1109 ad

590 1241 720 1316 per
772 1216 1296 1321 Philosophum
1350 1225 1430 1301 in
1479 1231 1615 1307 III.
1672 1231 1881 1334 Phys.
1935 1160 2165 1332 (liext.

589 1343 865 1396 comm.
923 1348 1045 1398 vx.
1100 1321 1128 1422 )
1200 1329 1393 1404 Cum
1469 1354 1646 1430 ergo
1730 1336 1984 1414 divina
2036 1365 2162 1438 po-

596 1421 830 1501 tentia
886 1420 974 1500 sit
1025 1421 1322 1525 simplex
1364 1482 1391 1523 ‚
1443 1431 1514 1507 8<
1570 1435 1905 1533 infinita,
1958 1458 2040 1517 ut
2085 1440 2165 1518 in

596 1522 840 1617 primo
891 1524 918 1621 (
965 1526 1127 1603 Lib.
1183 1555 1336 1629 cap.
1394 1555 1664 1613 xvrrr.
1718 1539 1791 1616 8<
1841 1539 2163 1659 xl111.)

596 1622 957 1703 ostensum
1011 1628 1144 1705 est.
1203 1634 1404 1711 Deus
1461 1633 1685 1734 igitur
1722 1666 1872 1718 non
1928 1668 2193 1742 requ1-.

598 1725 697 1803 rit
749 1728 1134 1807 materiam
1172 1731 1730 1837 praejacentem,
1784 1766 1874 1819 ex
1903 1769 2047 1843 qua
2075 1746 2163 1828 de

601 1827 1015 1907 necestitate
1070 1849 1276 1934 agat.

703 1933 768 2004 8.
825 1931 1089 2012 Adhuc
1125 1990 1144 2011 .
1220 1934 1693 2020 Diversarum
1767 1970 2011 2024 rerum
2063 1947 2166 2024 di-

595 2028 818 2108 versae
889 2032 1050 2111 sunt
1117 2041 1501 2116 materia:
1580 2070 1729 2122 non
1809 2048 2009 2125 enim
2065 2046 2165 2125 est

597 2133 857 2209 eudem
909 2138 1219 2215 materia
1274 2139 1763 2237 spiritualium
1798 2202 1822 2243 ,
1877 2151 1949 2225 8<
2000 2174 2159 2228 cor-

593 2233 963 2410 §coralium
1009 2292 1034 2330 ‚
1089 2262 1224 2317 nec
1273 2264 1664 2340 corporum
1717 2249 2160 2346 caelestium,

719 2339 1310 2436 corruptibilium
1345 2399 1363 2416 .
1439 2347 1663 2443 Quod
1716 2352 2014 2451 quidem
2071 2377 2161 2429 ex

587 2431 731 2515 hoc
809 2457 1008 2537 patet
1079 2446 1277 2542 quod
1350 2447 1670 2547 recipere
1716 2505 1742 2546 ‚
1811 2454 2009 2553 quod
2061 2452 2159 2532 est

543 2539 992 2638 »proprietas
1045 2547 1368 2626 materiae
1400 2603 1428 2640 ‚
1480 2574 1631 2628 non
1683 2551 2002 2649 eiusdem
2058 2581 2159 2632 ra-

593 2638 818 2719 tionis
870 2641 969 2720 est
1024 2646 1105 2721 in
1157 2650 1515 2745 praedifflis
1553 2681 1569 2725 ε
1611 2679 1783 2731 nam
1841 2658 2163 2755 receptio

590 2761 751 2837 qua:
803 2741 905 2817 est
975 2744 1053 2821 in
1111 2747 1602 2845 spiritualibus
1640 2806 1667 2846 ‚
1736 2754 1832 2830 est
1888 2758 2156 2835 intelli-

590 2838 845 2940 gibilis
877 2896 904 2937 ‚
982 2844 1159 2925 ficut
1231 2847 1643 2932 intellefflus
1695 2856 1959 2957 recipit
2013 2858 2158 2958 spe-

586 2939 735 3018 cies
788 2941 1380 3045 intelligibilium
1427 2980 1578 3032 non
1616 2956 2005 3037 secundum
2060 2960 2160 3038 es-

590 3041 663 3118 se
714 3046 1096 3141 materiae3
1162 3076 1463 3154 corpora
1514 3082 1692 3138 vero
1747 3060 2151 3163 supercaele-

586 3141 718 3222 stia
758 3147 1120 3246 recipiunt
1151 3153 1706 3239 innovationem
1736 3162 1948 3262 litus,
1998 3193 2150 3245 non

586 3263 840 3324 autem
914 3249 1476 3338 innovationem
1565 3264 1831 3343 ess'endi
1875 3320 1901 3360 ‚
1974 3265 2151 3346 ficut

586 3372 890 3448 corpora
942 3350 1290 3434 inferiora
1315 3415 1332 3434 .
1391 3362 1572 3438 Non
1619 3363 1716 3440 est
1758 3365 1984 3463 igitur
2006 3392 2152 3445 una

571 3451 895 3532 materia
975 3479 1132 3554 quae
1206 3457 1290 3537 fit
1342 3460 1422 3539 in
1476 3464 1803 3561 potentia
1870 3469 1961 3544 ad
2013 3469 2152 3544 effe

583 3552 996 3635 universale
1032 3614 1051 3632 .
1128 3559 1288 3658 Ipse
1339 3582 1588 3641 autem
1647 3569 1846 3647 Deus
1899 3567 1997 3646 est
2051 3586 2156 3647 to·

592 3653 736 3733 tius
787 3656 927 3734 effe
979 3660 1187 3739 causa
1224 3664 1769 3746 universaliter.
1829 3669 1965 3770 Ipfi
2023 3671 2156 3772 igi·

590 3770 708 3833 tur
739 3757 962 3835 nulla
1014 3766 1322 3842 materia
1353 3769 1992 3866 proportionaliter
2024 3774 2153 3850 res-

593 3860 913 3955 pondet3
967 3887 1119 3953 non
1172 3866 1401 3964 igitur
1449 3870 1838 3950 materiam
1892 3899 1983 3952 ex
2033 3901 2155 3953 ne·

584 3958 905 4043 eessitate
960 3967 1305 4064 requirit.

694 4087 761 4159 9.
819 4067 1167 4164 Amplius
1217 4123 1237 4144 .
1333 4072 1996 4180 Quorumcumque
2068 4078 2149 4157 in

587 4182 832 4267 rerum
906 4186 1162 4246 natura
1237 4169 1337 4248 est
1408 4173 1651 4274 aliqua
1719 4180 2148 4280 proporti0‚

587 4259 662 4337 &
714 4264 979 4360 aliquis
1011 4270 1231 4365 orde,
1285 4293 1571 4372 oportet
1605 4301 1838 4357 unum
1893 4307 2148 4362 eorum

585 4362 756 4478 effe·
803 4367 896 4441 ab
964 4366 1116 4446 alio
1152 4424 1178 4464 ‚
1255 4374 1382 4450 vel
1458 4381 1683 4458 ambo
1751 4385 1845 4460 ab
1897 4385 2152 4485 aliquo

590 4479 850 4542 tertio:
906 4477 1432 4567 oportet-enim
1487 4482 1821 4560 ordinem
1867 4485 1944 4564 in
1999 4503 2151 4566 uno

585 4565 929 4646 constitui
984 4571 1481 4671 respondendo
1531 4586 1622 4661 ad
1675 4584 1918 4680 aliud3
1969 4589 2148 4667 alias

558 4669 811 4767 ·ord0‚
863 4671 982 4749 vel
1005 4679 1383 4774 proportio
1412 4684 1582 4762 effet
1630 4711 1672 4762 a
1698 4687 1896 4764 casu:
1925 4713 2145 4788 quem

585 4768 665 4846 in
716 4771 974 4870 primis
1026 4801 1268 4858 rerum
1307 4782 1691 4886 principiis
1744 4816 2012 4887 ponere
2052 4794 2151 4872 est

584 4865 1029 4973 impossibile
1078 4934 1104 4976 ,
1191 4884 1365 4983 quia
1435 4887 1849 4987 sequeretur
1915 4896 2150 4995 magis

3722 426 3834 501 ‘'37

2262 517 2516 599 omnia
2567 517 2713 595 alia
2767 518 2906 594 ess'e
2958 543 3002 594 a
3053 516 3219 595 casu
3255 574 3273 593 .
3330 518 3408 597 Si
3464 516 3690 619 igitur
3744 530 3833 607 fit

2261 623 2507 722 aliqua
2561 621 2870 699 materia
2906 619 3174 698 divinae
3206 616 3480 700 affioni
3535 649 3839 726 propor-

2265 718 2547 804 tionata
2582 778 2607 818 ,
2676 740 2964 824 oportet
3036 721 3155 799 vel
3238 723 3436 822 quod
3516 725 3833 809 alterum

2264 826 2353 905 fit
2406 827 2499 905 ab
2551 825 2783 904 altero
2816 881 2841 921 ‚
2896 824 3016 903 vel
3047 845 3452 926 utrumque:
3490 853 3533 903 a
3588 832 3835 911 tertio,

2267 929 2407 1009 Sed
2481 954 2655 1007 cum
2712 932 2912 1007 Deus
2987 926 3072 1005 sit
3124 928 3446 1029 primum
3502 953 3629 1009 ens
3667 988 3692 1028 ‚
3762 935 3843 1013 8<

2264 1031 2504 1131 prima
2556 1029 2814 1126 causa,
2872 1050 3021 1108 non
3059 1027 3289 1128 potest
3341 1033 3481 1108 esse
3534 1033 3839 1117 effeetus

2269 1135 2592 1212 materiae
2639 1188 2664 1228 ‚
2738 1157 2874 1211 nec
2925 1130 3155 1232 potest
3231 1133 3371 1208 esse
3444 1137 3538 1211 ab
3587 1136 3838 1237 aliqua

2270 1237 2486 1314 tertia
2560 1234 2769 1313 causa
2820 1292 2838 1311 .
2915 1233 3392 1333 Relinquitur
3460 1236 3730 1335 igitur,
3785 1239 3839 1317 fi

2266 1337 2640 1418 invenitur
2694 1336 2939 1434 aliqua
2980 1336 3291 1412 materia
3339 1340 3841 1436 proportiona-

2268 1459 2343 1520 ta
2414 1441 2682 1518 divinae
2757 1437 3034 1518 affloni
3084 1491 3110 1531 ,
3181 1438 3378 1537 quod
3432 1437 3629 1521 illius
3683 1443 3839 1542 ipse

2266 1542 2352 1622 fit
2402 1532 2652 1621 causa.
3679 1647 3693 1662 ·

2381 1672 2492 1722 10.
2550 1641 2814 1723 Adhuc
2847 1701 2865 1718 .
2941 1642 3168 1741 Quod
3240 1641 3341 1718 est
3414 1645 3492 1721 in
3545 1647 3844 1729 ennbus

2266 1744 2642 1847 primum,
2693 1761 2984 1843 oportet
3035 1744 3175 1833 esse
3236 1745 3523 1857 causam
3576 1773 3835 1835 eorum

2266 1873 2427 1947 quae
2485 1847 2695 1924 sunt:
2748 1845 2796 1923 fi
2856 1846 3060 1922 enim
3116 1869 3268 1922 non
3320 1848 3548 1925 essent
3598 1849 3842 1927 causa-

2271 1965 2346 2026 ta
2393 2003 2419 2044 ‚
2471 1974 2622 2026 non
2675 1949 2898 2024 ess'ent
2952 1946 3258 2045 abipso
3309 1948 3641 2027 ordinata
3675 2006 3702 2047 ,
3755 1965 3844 2030 ut

2269 2049 2419 2147 jam
2474 2049 2835 2128 ostensum
2889 2047 2989 2125 est
3040 2048 3264 2147 (Lib.
3303 2052 3844 2151 I.cap.x111.)

2266 2156 2466 2230 Inter
2517 2147 2766 2229 assum
2818 2167 3067 2227 autem
3140 2164 3216 2227 et
3269 2149 3678 2248 potentiam
3733 2170 3843 2233 ta-

2263 2252 2354 2330 lis
2409 2251 2506 2329 est
2561 2254 2744 2330 ordo
2795 2307 2820 2347 ‚
2896 2251 3095 2350 quod
3177 2249 3352 2330 licet
3427 2253 3506 2330 in
3559 2256 3845 2371 uno-8(

2267 2355 2528 2432 eodem
2581 2354 2777 2454 quod
2831 2354 3270 2452 quandoque
3324 2353 3422 2470 est
3476 2361 3841 2473 potentia,

2266 2457 2706 2555 quandoque
2779 2453 2945 2534 affin
3000 2511 3025 2549 ‚
3096 2472 3429 2553 potentia
3499 2455 3586 2535 fit
3634 2481 3845 2557 prior

2267 2576 2598 2655 tempore
2650 2582 2872 2656 quam
2925 2572 3128 2635 actus
3170 2609 3196 2649 ‚
3264 2556 3442 2634 licet
3477 2574 3697 2672 ‘actus
3748 2559 3841 2639 fit

2266 2659 2467 2757 prior
2539 2677 2851 2749 natura3
2928 2675 3175 2735 tamen
3258 2655 3682 2771 simpliciter
3732 2657 3841 2773 lo-

2262 2760 2604 2858 quendo‚
2657 2776 2947 2857 oportet
2968 2775 3216 2834 actum
3260 2776 3589 2858 potentia
3634 2784 3837 2861 prio·

2260 2884 2420 2937 rem
2473 2860 2611 2938 effe
2657 2886 2675 2935 ε
2750 2862 2948 2961 quod
3025 2877 3226 2960 patet
3282 2884 3383 2977 ‘ex
3437 2862 3576 2940 hoc
3631 2861 3833 2980 quod

2258 2963 2596 3063 potentia
2652 2988 2801 3044 non
2853 2964 3226 3043 reducitur
3279 2989 3360 3080 m
3393 2980 3643 3043 actum
3694 2962 3838 3081 rufi

2255 3090 2386 3167 per
2437 3092 2564 3146 ens
2615 3084 2821 3145 actu.
2875 3068 3014 3147 Sed
3067 3082 3376 3146 materia
3428 3066 3526 3144 est
3580 3092 3710 3145 ens
3750 3092 3834 3150 m

2252 3168 2583 3267 potentia
2614 3227 2635 3245 .
2722 3173 2927 3269 Ergo
3004 3188 3297 3270 oportet
3346 3170 3544 3268 quod
3598 3172 3833 3263 Deus,

2307 3271 2383 3346 ui
2443 3270 2541 3346 est
2595 3287 2795 3349 actus
2847 3271 3129 3370 primus
3163 3325 3191 3364 ‚
3258 3270 3332 3347 8(
3384 3295 3607 3370 purus
3658 3323 3686 3364 ‚
3740 3268 3832 3349 fit

2282 3370 2677 3469 impliciter
2696 3396 2779 3447 ea
2802 3372 3044 3470 prior,
3099 3385 3173 3449 et
3202 3393 3330 3469 per
3378 3369 3831 3483 consequens

2252 3470 2462 3548 causa
2518 3470 2730 3569 ipsius
2776 3497 2794 3546 ε
2872 3492 3021 3550 non
3095 3494 3273 3568 ergo
3358 3469 3494 3547 suae
3547 3486 3831 3547 act1otu

2258 3570 2830 3672 praesupponitur
2880 3571 3188 3652 materia
3226 3596 3313 3649 ex
3370 3570 3831 3682 necestitate.

2374 3701 2490 3750 11.
2547 3678 2735 3752 ltem
2784 3730 2803 3751 .
2900 3673 3228 3753 Materia
3281 3671 3522 3774 prima
3573 3671 3832 3788 aliquo

2257 3777 2485 3854 modo
2534 3775 2635 3856 est
2674 3831 2699 3872 ‚
2752 3777 2927 3878 quia
2978 3774 3078 3855 est
3132 3801 3260 3854 ens
3315 3776 3394 3852 in
3447 3790 3778 3891 potentia
3804 3827 3828 3850 .

2260 3881 2462 3957 Deus
2516 3895 2764 3958 autem
2841 3879 2938 3957 est
2994 3878 3198 3958 causa
3268 3899 3610 3956 omniurn
3717 3900 3829 3956 uz

2250 3979 2419 4057 sunt
2486 4036 2511 4077 ‚
2563 3999 2646 4059 ut
2700 3982 2905 4083 supra
2958 3982 2986 4080 (
3037 4006 3191 4160 cqp.
3213 4005 3331 4059 xv.
3390 3978 3415 4076 )
3466 3978 3668 4057 osten
3701 4004 3832 4093 um

2240 4079 2408 4171 est„
2503 4087 2701 4163 Deus
2757 4085 2983 4185 igitur
3051 4107 3092 4160 e
3127 4099 3158 4160 t
3208 4080 3421 4195 causa
3500 4095 3838 4193 materia·

2252 4184 2507 4283 primae
2559 4240 2584 4280 ‚
2637 4187 2778 4263 cui.
2812 4186 3018 4264 nulla
3073 4181 3505 4285 praeexistit:
3562 4181 3823 4296 divina

2253 4284 2479 4385 igitur
2528 4288 2727 4376 actio
2776 4286 2882 4386 (a)
2935 4284 3322 4367 materiam
3364 4282 3821 4384 praeexisten·

2250 4407 2408 4467 tem
2462 4416 2610 4468 non
2651 4390 2999 4490 requirit.
3384 4486 3401 4506 ·
3468 4484 3487 4507 ·
3622 4385 3669 4452 s
3714 4457 3717 4460 .
3778 4490 3796 4503 ν

2360 4494 2576 4571 Hanc
2630 4511 2875 4570 autern
2908 4492 3307 4571 veritatem
3331 4490 3590 4572 d1v1na
3644 4491 3832 4571 Scri-

2238 4609 2466 4696 gptura
2546 4592 2937 4674 confirmat
2988 4595 3239 4674 dicens
3305 4591 3577 4672 Genes-
3635 4617 3687 4675 1.
3739 4597 3832 4668 In

2241 4694 2622 4798 principio
2697 4697 2987 4777 creavit
3061 4707 3265 4778 Deus
3317 4695 3574 4812 caelum
3622 4747 3649 4788 ,
3730 4691 3834 4769 (T

2254 4821 2532 4876 terram
2573 4828 2602 4875 .·
2657 4799 2847 4877 nibil
2901 4802 3106 4879 enim
3161 4798 3265 4878 est
3316 4797 3520 4877 ahud
3573 4816 3831 4873 creare

2254 4925 2479 5006 quam
2533 4901 2798 5002 absque
2855 4904 3166 4983 materia
3214 4901 3647 5004 praejacente
3697 4893 3832 5009 ali·

683 4981 1651 5066 s.Th.c0ntr.Gent.T0m.1.
2409 5069 2413 5072 Α
2638 5069 2647 5075 .
2793 5071 2845 5078 -.
3136 5011 3184 5085 S
3635 4993 3832 5096 qma

671 5121 765 5202 (55
801 5141 887 5194 At.
924 5154 1160 5198 naturam
1173 5181 1197 5198 ..
