4597 5696
1373 410 2390 491 DlssERTATIO
2472 416 3040 485 1²1³AEle
3704 440 3848 492 xxx·

629 533 739 714 {iq
788 585 820 628 ,
867 528 1103 627 cuius&
1120 523 1574 633 principium
1598 580 1625 622 ,
1679 544 1809 606 aut
1856 526 2114 605 lumen
2161 548 2253 607 ex
2307 524 2461 627 ipsa
2512 542 2762 610 mente
2815 542 3054 608 creata
3103 584 3132 628 ,
3200 526 3555 631 rebusque
3623 527 3830 609 sensi·

684 636 903 715 iibus
956 634 1331 715 hauritur.
1438 672 1439 675 κ
1677 654 1686 661 ·
2123 674 2133 685 ·

741 740 885 818 His
935 737 1052 815 vel
1108 733 1217 813 sui
1273 730 1534 829 ipsius,
1584 729 1705 809 vel
1761 728 2009 810 rerum
2061 728 2510 810 sensibilium
2565 728 2981 812 foecundata
3085 731 3647 835 erceptionibtis,
3699 752 3829 813 aut

638 838 827 918 ideis
879 856 1121 918 creata
1174 859 1426 929 mens,
1475 834 1666 911 vires
1720 832 1953 911 exerit
2054 832 2226 910 aulo
2276 833 2725 914 efficaciores
2761 890 2789 930 ,
2838 836 2929 913 ad
2984 758 3207 930 alias,
3260 834 3582 935 aliasque
3633 859 3838 915 com-

635 943 986 1041 parandas
1041 936 1376 1016 notiones
1429 960 1715 1028 rerum,
1768 959 1930 1034 quae
2011 951 2144 1013 unt
2192 960 2540 1015 connexae
2593 992 2620 1034 ,
2672 936 2791 1014 vel
2843 936 3154 1031 similes,
3207 936 3324 1014 vel
3379 938 3607 1015 etiarn
3658 963 3836 1016 con-

634 1042 920 1136 trariae,
970 1039 1357 1139 singulares
1406 1037 1481 1115 8<
1529 1062 2009 1140 communes,
2042 1062 2142 1114 ac
2197 1036 2433 1136 magis
2465 1038 2849 1139 minusque
2877 1041 3192 1139 amplas:
3237 1037 3461 1138 idque
3513 1038 3833 1119 efficitur

638 1141 1039 1240 multiplici
1091 1140 1637 1241 quodammodo
1688 1136 2074 1232 facultate,
2124 1164 2285 1238 quae
2337 1139 2525 1217 adest
2576 1140 3101 1241 ampliatione,
3151 1139 3226 1217 8<
3277 1138 3839 1238 imminutione,

636 1242 1138 1324 transferendo
1185 1240 1971 1331 &·accommodando,
2001 1240 2525 1338 aggregatione
2576 1242 2651 1319 8<
2702 1238 3222 1334 abstrafflone,
3273 1239 3844 1339 comparatione

642 1347 718 1426 8<
771 1345 1199 1425 ratiocinio.
1255 1346 1378 1422 Ad
1432 1342 1687 1423 divina
1739 1366 1912 1420 cum
1964 1342 2371 1440 adl'urgitur
2409 1397 2436 1435 ,
2520 1340 2738 1422 dubia
2788 1345 2881 1421 ab
2932 1342 3313 1420 effectibus
3364 1356 3842 1439 argumenta-

641 1449 893 1539 tione,
942 1447 1210 1547 duplex
1259 1445 1406 1522 alia
1459 1443 1710 1544 praesto
1760 1441 2262 1541 estsacultas,
2312 1442 2774 1537 adfirmatio,
2824 1445 2898 1523 &
2948 1444 3308 1523 remotio:
3363 1467 3680 1544 quarum
3730 1440 3842 1520 al-

642 1565 799 1629 tera
850 1554 1014 1629 Deo
1064 1545 1551 1626 adtribuimus
1606 1543 2088 1645 perfestiones
2139 1571 2445 1643 omne-S,
2490 1571 2671 1644 quas
2722 1546 2939 1623 inesse
2968 1545 3317 1651 creaturis
3362 1544 3844 1642 deprehendi-

646 1676 847 1729 mus:
904 1651 1261 1749 simulque
1312 1649 1615 1727 alterius
1668 1672 1808 1745 ope
1859 1672 1904 1723 a
1958 1649 2124 1725 Deo
2159 1671 2624 1726 removemus
2676 1668 3170 1725 creaturarum
3227 1644 3847 1744 imperfectiones.

648 1757 850 1831 Rem
901 1751 1092 1829 hanc
1142 1750 1472 1850 plerique
1525 1747 1830 1825 illustres
1881 1747 2298 1846 Philosophi
2351 1748 2895 1847 diligentissime
2947 1764 3403 1846 exequuntur
3438 1800 3461 1821 .
3516 1750 3631 1823 De
3683 1747 3858 1837 lon-2

542 1860 567 1879 ““
650 1879 753 1955 go
805 1852 1100 1953 latoque
1151 1853 1546 1929 admonere
1599 1846 1873 1946 praestat
1923 1900 1950 1943 ,
1997 1849 2200 1947 quod
2256 1848 2585 1945 Angelos
2638 1847 2870 1944 inter,
2918 1872 3003 1926 ac
3055 1846 3396 1925 homiues
3449 1845 3842 1926 intercedit

641 1954 1082 2035 discrimen:
1129 1976 1303 2029 nam
1360 1949 1507 2028 istis
1557 1945 1985 2046 imperfest'ta
2037 1946 2510 2026 ratiocinatio
2560 1948 2971 2041 convenit,
3041 1974 3186 2050 qua
3250 1949 3343 2026 ab
3414 1945 3692 2046 ignotis
3742 1945 3843 2029 ad

652 2056 946 2137 notoria
1000 2053 1523 2154 procedimus3
1579 2046 1966 2144 perfefflor
2018 2048 2167 2127 illis
2214 2048 2566 2128 adseritur
2639 2048 2991 2129 discursus
3040 2103 3067 2146 ,
3135 2074 3360 2151 quem
3427 2047 3847 2128 virtualem

651 2155 1026 2260 appellant
1074 2209 1103 2250 ,
1153 2154 1420 2250 absque
1469 2148 1768 2229 aauum
1820 2149 2427 2247 multiplicitate.
2503 2153 2604 2228 Et
2653 2149 2802 2229 haec
2878 2151 3046 2230 satis
3097 2150 3406 2229 innuere
3459 2150 3603 2231 hoc
3650 2149 3850 2230 loco.

756 2257 951 2337 Illud
1000 2254 1099 2334 est
1148 2252 1555 2334 firmissime
1606 2252 2048 2344 tenendum,
2101 2249 2511 2329 naturalem
2562 2272 2972 2331 creatarum
3023 2254 3390 2331 mentium
3443 2252 3650 2329 illam
3702 2252 3855 2331 esse

653 2359 1209 2460 cognitionem,
1259 2352 1465 2449 cujus
1517 2351 2011 2454 principium,
2062 2369 2189 2431 aut
2240 2351 2495 2430 lumen
2545 2353 2859 2433 sumitur
2908 2379 2996 2432 ex
3050 2353 3212 2452 ipsis
3264 2354 3526 2433 creatis
3577 2354 3849 2433 menti·

654 2464 839 2558 bus,
887 2459 1009 2537 vel
1059 2485 1152 2538 ex
1203 2458 1419 2536 rebus
1470 2453 1915 2533 sensibilibus
1958 2483 1975 2530 :
2031 2456 2357 2554 adeoque
2408 2454 2813 2534 naturalem
2866 2481 3110 2533 rerum
3161 2456 3511 2551 aliarum,
3563 2482 3649 2535 ac
3697 2446 3854 2536 Dei

652 2561 1001 2645 creatoris
1052 2558 1564 2660 cognitionem
1613 2556 2124 2636 commensum
2178 2554 2444 2633 habere
2494 2582 2668 2637 cum
2719 2558 2930 2636 rebus
2983 2556 3147 2655 ipsis
3199 2556 3461 2636 creatis
3486 2609 3511 2651 ,
3565 2556 3846 2655 quibus

659 2665 1003 2746 nativum
1056 2664 1311 2742 lumen
1363 2660 1696 2737 hauritur
1728 2714 1747 2734 .
1835 2663 2031 2738 Rem
2112 2657 2193 2735 in
2243 2656 2669 2739 hominibus
2736 2659 3079 2759 explanat
3148 2654 3449 2736 Sanfflus
3502 2660 3846 2741 Thomas

655 2771 848 2848 Part.
902 2769 960 2846 1.
1015 2768 1166 2866 Qu.
1220 2763 1514 2842 lxxx1v.
1568 2765 1728 2840 Art.
1782 2787 1854 2860 7.
1906 2760 1999 2839 ad
2053 2787 2118 2860 3.
2170 2766 2630 2861 Incorporea,
2683 2759 3067 2861 inquiens,
3122 2785 3424 2861 quorum
3475 2786 3617 2836 non
3657 2756 3849 2855 sunt

648 2867 1210 2975 phantasmata,
1259 2864 1776 2965 cognoscuntm
1824 2889 1872 2941 a
1921 2861 2119 2942 nobis
2154 2881 2295 2963 per
2344 2861 2945 2963 comparationem
2997 2861 3096 2942 acl
3145 2890 3185 2943 c
3310 2889 3433 2939 ora
3443 2857 3857 2976 sensibilia,

670 2997 973 3088 quorum
1025 2969 1219 3067 sunt
1256 2967 1778 3070 phantasmata
1825 3023 1846 3043 .
1923 2964 2128 3044 Sicut
2195 2964 2642 3063 veritatem,
2696 2966 2722 3063 (
2776 2990 2935 3066 quae
2986 2990 3139 3044 non
3192 2988 3231 3042 e
3346 2960 3692 3042 sensibilis
3733 3017 3762 3058 ,
3816 2960 3848 3059 )

662 3069 1152 3169 mtelligimus
1204 3098 1290 3149 ex
1339 3066 1898 3171 consideratione
1946 3067 2055 3149 rei
2105 3068 2133 3167 (
2186 3066 2580 3164 sensibilis,
2634 3068 2661 3165 )
2731 3067 2920 3145 circa
2971 3094 3187 3164 quam
3253 3063 3655 3147 veritatem
3685 3063 3859 3166 spe-

659 3171 992 3255 culamur
1040 3229 1061 3249 .
1115 3180 1361 3250 Deum
1411 3193 1655 3251 autem
1704 3168 2223 3271 cognoscimus,
2269 3191 2360 3247 ut
2413 3166 2802 3272 Dionysius
2850 3167 3036 3248 dicit
3066 3225 3095 3267 ,
3166 3191 3254 3247 ut
3299 3166 3584 3264 causam
3631 3222 3660 3264 ,
3715 3184 3863 3265 per

661 3271 1012 3371 euceffum
1062 3274 1089 3372 (
1142 3271 1351 3370 supra
1401 3295 1513 3349 res
1565 3295 1945 3370 corporeas
1979 3327 2007 3369 ,
2057 3271 2132 3348 &
2182 3269 2588 3364 sensibiles,
2639 3291 2859 3370 atque
2908 3286 3187 3350 creatas
3210 3313 3240 3366 ς
3318 3268 3346 3365 )
3411 3268 3509 3348 Φ·
3612 3296 3695 3346 er
3744 3295 3855 3348 re·

664 3376 1056 3457 motionem
1105 3373 1135 3473 (
1187 3369 1879 3469 imperfeffionum,
1929 3397 2090 3471 quae
2142 3372 2357 3449 rebus
2408 3372 2825 3469 corporeis,
2872 3373 2948 3450 8<
2982 3371 3485 3468 sensibilibus,
3655 3392 3858 3449 crea-

663 3475 763 3559 tis
814 3475 1094 3556 insunt.
1147 3472 1179 3572 )
1232 3473 1445 3552 Alias
1491 3471 1719 3552 etiam
1771 3472 2207 3573 incorporeas
2235 3467 2680 3569 substantias
2729 3473 2810 3552 in
2843 3469 3054 3572 statu
3089 3471 3472 3573 praesentis
3518 3468 3703 3550 vitae
3750 3496 3860 3550 co-

661 3578 1001 3681 gnoscere
1046 3603 1189 3656 non
1228 3573 1589 3677 poffumus
1636 3630 1665 3673 ,
1735 3570 1878 3677 nisi
1913 3593 2054 3676 per
2100 3573 2565 3652 remotionem
2614 3628 2643 3669 ,
2707 3571 2843 3653 vel
2887 3572 3211 3672 aliquam
3260 3570 3863 3674 comparationem

669 3680 773 3761 ad
818 3676 1213 3781 corporalia
1260 3733 1280 3752 .
1333 3679 1564 3756 Breve
1615 3678 2145 3756 documentum
2195 3674 2417 3754 habes
2452 3729 2483 3772 ,
2547 3675 2744 3774 quod
2808 3698 3021 3754 exem
3077 3674 3169 3756 lis
3197 3732 3227 3773 ,
3290 3675 3615 3777 aptisque
3698 3672 3859 3753 ani-

672 3779 1301 3862 madversionibus
1351 3778 1882 3881 amplificatum
1935 3778 2015 3856 in
2064 3775 2445 3856 latissimos
2494 3776 2833 3877 redegere
2887 3795 2997 3857 tra
3074 3795 3234 3857 atus
3273 3774 3752 3875 Philosophi.

779 3887 974 3963 Cum
1028 3884 1181 3960 haec
1234 3880 1317 3959 fit
1365 3880 1718 3964 naturalis
1770 3879 1963 3958 ratio
2014 3878 2286 3957 mentis
2349 3877 2695 3979 cujusque
2760 3898 3022 3960 creatae
3067 3936 3098 3979 ,
3168 3877 3317 3981 jam
3375 3878 3580 3959 facili
3635 3899 3858 3977 nego-

658 3983 796 4065 -tio
847 3982 1171 4084 expediri
1225 3983 1449 4061 altera
1501 3977 1801 4083 quaestio
1853 3979 2079 4081 potest
2121 4034 2148 4073 ,
2198 4004 2359 4079 quae
2416 3979 2726 4060 rationis
2774 3983 3127 4062 naturalis
3177 3983 3370 4061 vires
3423 3979 3870 4080 investigat,

681 4111 857 4165 cum
913 4087 1107 4165 circa
1163 4090 1411 4162 Deum
1445 4137 1469 4178 ,
1524 4110 1608 4162 ac
1661 4106 1747 4160 ea
1800 4107 1963 4181 quae
2016 4081 2163 4160 Dei
2216 4084 2382 4160 sunt
2440 4081 2758 4159 versatur
2798 4137 2818 4159 .
2898 4081 3397 4180 Quoestionem
3446 4081 3733 4161 dirimit
3784 4080 3872 4160 in

677 4187 986 4267 homine
1035 4190 1103 4268 S.
1160 4185 1496 4264 Thomas
1545 4185 1810 4283 Capite
1874 4211 1903 4261 1
1927 4211 1953 4260 1
1978 4211 2035 4259 1.
2087 4183 2351 4262 citato:
2405 4180 2826 4262 IntelleHus
2872 4182 3097 4285 nostri
3129 4180 3534 4278 secundum
3564 4182 3861 4261 modum

672 4288 1053 4388 praesentis
1100 4286 1328 4384 vitae,
1379 4286 1716 4387 inquiens
1750 4340 1779 4383 ,
1833 4283 2146 4384 cognitio
2198 4311 2245 4359 a
2271 4283 2496 4382 sensu
2553 4282 2815 4386 incipit
2861 4313 2880 4362 t
2933 4286 3033 4365 (θ’
3087 4284 3245 4366 ideo
3384 4290 3635 4384 Deus,
3687 4284 3715 4381 )
3763 4283 3870 4364 δ’

685 4416 771 4467 ea
824 4415 976 4486 quae
1030 4388 1109 4466 in
1142 4388 1444 4485 sensum
1495 4417 1637 4466 non
1691 4387 1962 4466 cadunt
2010 4441 2043 4482 ,
2116 4413 2260 4492 non
2302 4381 2597 4486 poffunt
2645 4387 2951 4465 humano
3005 4384 3260 4468 intelle
3333 4415 3386 4465 u
3433 4416 3514 4467 ca
3564 4387 3590 4464 i
3629 4443 3660 4486 ,
3726 4382 3871 4568 niis?

686 4510 1041 4590 quatenus
1090 4517 1176 4567 ex
1207 4487 1529 4593 sensibus
1579 4516 1823 4571 eorum
1874 4485 2190 4586 cognitio
2243 4485 2653 4584 colligitur.
2709 4485 3091 4603 sensibilia
3138 4511 3382 4568 autem
3434 4520 3479 4567 a
3565 4489 3690 4568 hoc
3805 4514 3881 4563 u-

689 4619 847 4672 cere
901 4589 1351 4669 intelleflum
1401 4590 1721 4694 nostrum
1772 4617 1914 4668 non
1952 4588 2291 4690 poffunt,
2339 4611 2427 4682 ut
2480 4587 2559 4666 in
2612 4587 2714 4669 eis
2763 4588 3036 4670 divina
3049 4587 3465 4693 substantia
3513 4592 3870 4670 videatur

694 4692 879 4793 quid
909 4690 1024 4795 fit
1066 4745 1094 4788 ,
1166 4719 1326 4769 cum
1360 4692 1521 4794 sint
1572 4691 1863 4795 effi-eblus
1931 4689 2298 4771 virtutem
2350 4689 2570 4782 causae
2620 4718 2764 4770 non
2814 4694 3270 4794 adaequantes
3312 4751 3335 4772 .
3388 4692 3714 4774 Ducitur
3761 4715 3874 4770 ta-

554 4807 562 4816 '
697 4823 864 4873 men
916 4824 1002 4873 ex
1033 4790 1493 4895 sensibilibus
1546 4793 1953 4874 intelleflus
2001 4790 2236 4883 noller
2288 4791 2368 4870 in
2417 4791 2763 4873 divinam
2812 4796 3293 4896 cognitionem
3311 4851 3337 4893 ,
3390 4817 3476 4872 ut
3499 4792 3870 4894 cognoscat

700 4895 793 4975 cle
845 4906 1004 4976 Deo
1058 4895 1248 4993 quod
1298 4893 1399 5001 est
1423 4952 1451 4992 ,
1500 4897 1595 4973 (θ’
1649 4896 1800 4974 alia
1848 4892 2324 4996 hujusmodi,
2398 4922 2553 4995 quae
2602 4916 2880 4997 oportet
2958 4897 3271 4976 attribui
3369 4897 3552 4977 rimo
3594 4890 3870 4993 princi-

678 4999 812 5102 pio
834 5055 856 5079 .
908 4999 1274 5101 Angelica
1324 4996 1673 5083 naturalis
1720 4997 2056 5101 cognitio
2106 4995 2255 5082 Dei
2307 4995 2743 5100 perseffior3
2792 5014 2870 5082 at
2916 5024 3157 5104 neque
3205 4999 3285 5101 ip
3316 5024 3360 5078 a
3412 4995 3735 5098 penitius
3758 4993 3880 5072 in·

3736 5111 3885 5179 tro·
