4597 5696
1337 434 3026 511 nlsszn‘rATtornaevtA
3590 460 3794 512 xntt

621 570 697 656 S.
750 565 1062 653 Thema
1111 563 1395 649 ibidem
1414 592 1446 646 .·
1499 574 1694 647 Sunt
1743 558 1982 678 igitur
2033 556 2638 661 intelligibilium
2688 559 3124 643 divinorum
3177 563 3513 666 quaedam
3557 622 3586 665 ‚
3640 597 3798 671 quae

629 672 962 754 humana
1013 667 1292 752 rationi
1324 667 1520 767 sunt
1562 685 1883 769 pervia,
1933 663 2265 763 quaedaem
2316 689 2497 743 vero
2529 717 2556 758 ‚
2627 692 2786 765 quae
2857 663 3152 744 omnino
3221 664 3390 746 vim
3464 667 3800 751 humanae

628 772 944 856 rationis
1001 772 1360 852 excedunt
1383 828 1403 850 .
1457 773 1877 867 Utramque
1928 764 2193 845 Paulus
2246 764 2643 866 Apostolus
2675 766 3115 871 ,divinarum
3170 768 3572 850 veritatum
3624 772 3809 852 clas-

631 878 785 957 sem
836 872 1260 974 distinguit:
1315 873 1677 972 docetque
1728 885 2008 948 naturae
2060 866 2254 947 vires
2303 868 2396 947 ad
2449 868 2755 949 alteram
2807 870 3314 970 attingendam
3367 897 3617 973 pares,
3672 876 3819 953 im-

629 1001 839 1082 pares
891 979 983 1055 ad
1033 978 1340 1056 alteram
1366 1031 1386 1053 .
1441 974 1564 1054 Ad
1617 971 1943 1074 primum
1997 993 2231 1070 genus
2280 969 2654 1070 pertinent
2705 1024 2733 1068 ‚
2785 995 2948 1072 quae
3002 973 3071 1051 se
3125 989 3394 1052 uuntur
3443 979 3668 1058 verba
3720 976 3818 1058 ad

632 1085 1021 1162 Romanos
1069 1078 1310 1177 capite
1374 1101 1434 1154 ι.
1485 1074 1666 1154 vers.
1729 1101 1843 1171 19.
1914 1070 2134 1175 Quod
2206 1092 2466 1156 notum.
2543 1069 2652 1173 cst
2703 1072 2923 1169 Dei,
3000 1073 3029 1172 (
3109 1098 3222 1153 1ve
3274 1077 3473 1176 quod
3522 1077 3816 1159 lumine

634 1178 950 1262 naturali
1003 1178 1204 1260 nosci
1255 1180 1348 1259 de
1400 1180 1570 1258 Deo
1618 1172 1944 1277 potest‚)
1992 1168 2470 1272 manifestum
2521 1170 2627 1274 est
2675 1170 2759 1251 in
2797 1173 2954 1255 illis
3004 1175 3520 1273 (Gentilibust
3551 1180 3832 1279 >Deus⁴

636 1278 842 1369 enim
894 1277 1050 1361 illis
1102 1275 1661 1380 manifestavit.
1716 1278 1896 1377 Quo
1944 1273 2076 1357 fiat
2126 1276 2355 1355 modo
2404 1274 2759 1363 naturalis
2806 1278 2960 1357 haec
3011 1276 3503 1359 manifestatio
3531 1334 3561 1378 ‚
3637 1277 3826 1361 edis-

643 1381 902 1462 seritur
950 1380 1130 1461 vers.
1186 1407 1319 1462 20..
1360 1374 1788 1482 Invisibilia
1837 1373 2036 1457 enim
2087 1374 2312 1479 ipsius
2347 1431 2377 1473 ‚
2446 1405 2494 1455 a
2543 1400 2880 1457 creatura
2945 1379 3212 1465 mundi
3258 1433 3286 1477 ‚
3328 1398 3470 1482 per
3518 1407 3605 1459 ea
3657 1406 3830 1483 quo

640 1481 855 1585 sabla
888 1480 1130 1581 sunt,
1181 1479 1566 1565 intelleHae
1613 1474 2163 1582 conspiciuntur
2199 1529 2230 1574 ‚-
2276 1477 2749 1582 sempiterna
2812 1506 3095 1580 quoquc
3144 1478 3306 1584 ejus
3356 1480 3662 1582 virtus,
3687 1478 3826 1580 ,Φῖ

634 1582 1011 1669 divinitas
1028 1641 1050 1664 .
1106 1581 1553 1667 Naturalem
1605 1580 1754 1662 Dei
1803 1578 2315 1682 cognitionem
2365 1582 2584 1662 docet
2635 1579 3030 1683 Apostolus
3072 1636 3101 1679 ,
3152 1581 3524 1682 originem
3579 1584 3828 1666 sume-

636 1709 719 1791 re
768 1713 815 1767 a
863 1708 1202 1767 creatura
1249 1682 1572 1782 mundi,
1620 1682 1743 1763 vel
1784 1701 1928 1784 per
1978 1708 2065 1760 ea
2101 1709 2272 1783 quae
2311 1677 2528 1777 fasta
2556 1679 2801 1780 sunt:
2851 1700 3211 1782 quatenus
3259 1708 3508 1764 rerum
3559 1686 3821 1767 condi·

633 1806 879 1877 tarum
930 1784 1274 1868 notiones
1293 1839 1321 1884 ‚
1369 1801 1501 1867 aut
1600 1784 2051 1883 erceptiones
2079 1837 2108 1879 ‚
2155 1800 2285 1863 aut
2333 1784 2513 1863 ideae
2529 1837 2558 1878 ‚
2605 1809 2771 1885 qua:
2819 1785 3230 1866 ministerio
3278 1783 3613 1866 sensuum
3649 1842 3679 1886 ‚
3727 1809 3825 1871 ac

634 1889 909 1971 mentis
955 1888 1358 1970 reflexione
1409 1888 1493 1968 in
1573 1885 1900 1985 eipsam‚
1943 1900 2381 1986 comparatae
2432 1884 2650 1966 nobis
2697 1884 2944 1967 insunt
2969 1941 2999 1985 ‚
3050 1912 3204 1967 non
3253 1889 3484 1968 modo
3535 1911 3649 1969 res
3701 1889 3823 1987 ip·

635 1991 781 2173 sadss
795 1989 1130 2171 conditgs
1179 1989 1688 2108 rept3esentant
1722 2012 1751 2085 3
1802 1984 1924 2067 sed
1975 2002 2310 2068 mentem
2356 2010 2652 2092 quoque
2701 1987 2859 2070 cxci
2867 2002 3026 2070 tant
3053 2042 3085 2090 ,
3147 2004 3234 2071 ut
3306 1989 3391 2070 in
3457 1988 3825 2076 >notitiam

640 2118 688 2174 a
767 2110 981 2193 utgat
1098 2108 1436 2172 reatoris.
1921 2184 1943 2201 ο
2148 2186 2165 2205 .
2231 2185 2249 2203 ⁸
2307 2184 2325 2203 ο
2369 2184 2388 2202 ·
3056 2188 3078 2210 Ο
3815 2196 3825 2204 .

720 2192 1003 2275 ‘Genus
1047 2194 1370 2274 alterum
1421 2186 1860 2271 divinorum
1907 2187 2518 2289 intellegibilium
2549 2248 2580 2290 ‚
2649 2215 2817 2292 quae
2866 2214 3188 2273 ommno
3258 2193 3420 2273 vim
3469 2193 3824 2275 humana

594 2310 599 2315 ’
638 2309 768 2376 aut
815 2312 1073 2376 creatae
1160 2293 1435 2375 mentis
1482 2291 1843 2374 excedunt
1877 2343 1907 2390 ‚
1980 2291 2212 2371 verba
2281 2290 2624 2393 Apostoli
2699 2292 3034 2375 indicant
3099 2295 3180 2374 in
3231 2293 3557 2399 Epistola
3610 2300 3670 2377 Ι.
3722 2291 3821 2378 ad

641 2395 1078 2480 corinthios
1126 2397 1369 2499 capite
1430 2422 1463 2475 1
1484 2421 1544 2473 1.
1595 2392 1778 2474 ve'rfi
1831 2418 1904 2488 7.
1953 2392 2031 2473 8(
2134 2449 2152 2469 .
2208 2390 2618 2493 Loquimur
2668 2394 2823 2475 Dei
2873 2405 2931 2475 s
3025 2394 3426 2497 ientiam‚(
3482 2395 3828 2478 Trinita-

637 2514 798 2581 tem
849 2499 1363 2602 personarum,
1416 2495 2012 2581 Incarnationem
2064 2419 2247 2575 gilii
2300 2495 2495 2594 Dei,
2547 2499 2798 2577 Deum
2849 2497 2927 2577 vi
2979 2498 3248 2578 endum
3303 2498 3386 2578 in
3436 2496 3677 2579 flatura
3707 2496 3828 2578 vi·

643 2616 723 2684 ta
774 2600 982 2683 ficuti
1035 2601 1135 2683 est
1164 2657 1185 2679 .
1238 2600 1270 2701 )
1316 2598 1694 2703 Scriptum
1743 2593 1853 2697 ⁶st
1899 2594 2101 2677 enim
2155 2594 2409 2711 (isaiae
2457 2597 2700 2699 capite
2728 2603 2853 2711 632..
2902 2599 3082 2678 vers.
3134 2629 3208 2714 4.
3260 2600 3291 2700 )
3327 2602 3520 2701 quod
3570 2599 3824 2682 oculus

642 2728 792 2783 non
842 2701 1058 2785 vidit
1084 2759 1113 2805 ,
1164 2729 1299 2783 nec
1346 2700 1552 2783 auris
1602 2696 1911 2781 audivit
1937 2753 1967 2795 ‚
2014 2724 2153 2780 nec
2202 2725 2282 2777 m
2335 2727 2456 2780 cor
2506 2699 2821 2781 hominis
2869 2697 3205 2799 ostendet
3256 2756 3283 2797 ‚
3336 2729 3494 2802 qua:
3536 2721 3824 2815 praepq·

644 2804 866 2888 ravit
912 2814 1125 2891 Deus
1180 2803 1272 2886 iis
1326 2800 1454 2906 qui
1506 2801 1845 2904 diligunt
1896 2800 2119 2882 illum
2147 2858 2169 2881 .
2244 2803 2432 2884 Haec
2480 2826 2666 2886 vero
2713 2800 2893 2882 vers.
2959 2829 3071 2882 10.
3153 2799 3378 2884 Nobis
3428 2802 3823 2884 revelavit

653 2916 864 2990 Deus
905 2927 1049 3011 per
1097 2905 1464 3012 Spiritum
1499 2903 1771 3006 suum.
1822 2908 1976 2986 Cur
2026 2928 2159 3005 per
2211 2905 2568 3006 Spiritum
2621 2906 2886 2985 suum?
2941 2904 3266 3007 Spiritus
3317 2903 3517 2986 enim
3572 2905 3827 2983 omnia

626 3005 1022 3107 scrutatur
1057 3065 1085 3108 ‚
1156 3006 1387 3090 etiam
1426 3005 1806 3112 profianffa
1874 3006 2073 3089 Dei.
2129 3008 2313 3087 Haec
2365 3007 2594 3107 igitur
2644 3005 3002 3108 profunda
3058 3010 3268 3107 Dei,
3321 3006 3606 3089 nonnifi
3660 3005 3825 3108 Spi-

640 3108 827 3189 ritus
874 3108 1028 3207 eius
1076 3110 1541 3191 manifestare
1592 3108 1864 3211 potest.
1917 3108 2397 3209 Aptiffimum
2447 3113 2700 3214 accipe
2753 3111 3179 3211 exemplum
3241 3110 3417 3190 vers.
3461 3136 3571 3187 11.
3627 3107 3821 3213 ,Quis

645 3209 852 3292 enim
902 3208 1276 3290 bominum
1311 3208 1468 3309 scit
1519 3238 1675 3324 quae
1717 3208 1903 3304 sune
1954 3209 2269 3290 hominis
2312 3266 2341 3307 ‚
2416 3210 2558 3314 nist
2586 3209 2918 3313 spiritus
2970 3211 3285 3293 hominis
3320 3264 3348 3309 ‚
3418 3209 3549 3313 qui
3603 3209 3683 3290 in
3735 3235 3826 3289 eo

644 3308 817 3416 est?
865 3313 1144 3416 ItaxO‘
1197 3338 1355 3411 quae
1405 3319 1558 3392 Der
1592 3295 1788 3406 Jicnt
1816 3364 1847 3407 ‚
1896 3337 2106 3426 nenio
2158 3311 2515 3408 cognovit
2544 3367 2574 3409 ‚
2642 3311 2785 3412 nist
2836 3311 3157 3416 spiritus
3236 3311 3389 3394 Dei
3423 3369 3445 3390 .
3532 3315 3827 3394 Secreta

640 3413 889 3496 cordis
937 3411 1245 3495 humani
1266 3466 1296 3507 ‚
1347 3409 1635 3493 nonnisi
1685 3413 1814 3490 abs
1861 3409 2122 3510 spiritu
2172 3410 2505 3491 hominis
2534 3464 2562 3507 ‚
2612 3414 2745 3513 qui
2798 3415 3012 3496 novit
3062 3440 3192 3511 ea,
3243 3413 3844 3496 manifestantur.

640 3521 759 3599 At
797 3511 1176 3619 profunda
1226 3512 1379 3596 Dei
1420 3566 1453 3613 ‚
1524 3532 1677 3594 non
1725 3510 1963 3591 solum
2030 3534 2294 3590 arcana
2361 3513 2765 3592 voluntatis
2813 3511 2967 3611 ejus
3017 3516 3248 3596 libera
3300 3517 3589 3596 decreta
3617 3571 3645 3614 ,
3695 3539 3827 3596 ve·

644 3639 818 3698 rum
868 3618 1099 3698 etiam
1153 3616 1305 3718 ipsa
1358 3614 1510 3696 Dei
1564 3623 1882 3709 natura,
1956 3611 2032 3692 ἃ
2080 3611 2233 3713 ejus
2281 3613 2636 3694 attributa
2679 3670 2708 3709 ‚
2785 3612 3189 3713 cujusmodi
3245 3617 3408 3697 sunt
3458 3619 3538 3697 in
3591 3618 3663 3697 se
3694 3671 3723 3717 ‚
3769 3615 3832 3701 fi

641 3737 1162 3821 comparentur
1210 3718 1305 3797 ad
1357 3716 1770 3798 naturalem
1819 3732 2079 3795 creatae
2149 3716 2426 3796 mentis
2489 3718 3005 3818 cognitionem
3056 3771 3084 3818 ‚
3152 3744 3316 3823 quae
3366 3719 3681 3800 sumitur
3727 3740 3828 3800 ex

647 3819 741 3902 iis
787 3846 951 3923 quae
1000 3819 1195 3900 fasta
1240 3820 1450 3918 sunt,
1499 3820 1692 3900 inter
1746 3818 2017 3898 secreta
2063 3818 2480 3921 computari
2531 3821 2842 3919 debent,
2891 3846 3056 3925 quae
3106 3819 3399 3903 nonnifi
3447 3848 3493 3904 a
3543 3819 3831 3926 Spiritu

649 3923 805 4010 Dei
837 3980 868 4023 ‚
914 3923 1046 4024 qui
1097 3922 1316 4003 novit
1364 3945 1497 4018 ea,
1549 3917 2003 4000 manifestari
2053 3944 2141 4002 ac
2190 3920 2501 4001 revelari
2555 3923 2841 4023 poss‘unt
2863 3982 2886 4002 .

756 4053 826 4106 2.
880 4029 1176 4105 Dantur
1225 4047 1408 4125 ergo
1456 4020 1823 4126 profunda
1876 4021 2088 4119 Dei,
2161 4025 2426 4103 dantur
2471 4026 2818 4106 veritates
2883 4026 2976 4105 ad
3031 4030 3279 4109 Deum
3335 4026 3835 4129 pertinentes,

650 4151 837 4230 quas
885 4127 1154 4207 nativae
1206 4143 1616 4206 creatarum
1670 4123 2034 4205 mentium
2092 4125 2286 4204 vires
2337 4124 2700 4226 attingere
2754 4153 2907 4208 non
2961 4129 3212 4209 valent
3233 4185 3253 4205 .
3308 4132 3522 4230 Opus·
3570 4127 3672 4209 est
3722 4153 3836 4209 re·

650 4230 1024 4312 velatione
1074 4229 1387 4330 Spiritus
1441 4228 1589 4310 Dei
1643 4284 1662 4305 .
1716 4229 1938 4309 Num
1986 4226 2143 4306 haec
2194 4246 2550 4328 repugnet
2620 4227 2900 4309 Divina
2972 4230 3332 4311 revelatio
3369 4231 3398 4308 ἒ
3489 4231 3648 4334 Ipsa
3697 4251 3833 4334 per

656 4327 800 4408 sese
852 4327 1169 4427 spessata
1218 4328 1879 4412 contradiffionem
1934 4327 2306 4427 involvit,
2391 4331 2851 4433 exhibetque
2903 4333 3189 4411 nullam
3237 4390 3257 4412 .
3337 4334 3609 4435 Neque
3661 4341 3860 4436 pt'zz·x

654 4445 855 4510 terea
947 4429 1559 4513 ontradiftorium
1627 4445 1756 4547 aut
1806 4430 2248 4531 impossibile
2297 4431 2398 4513 est
2446 4488 2474 4532 ‚
2548 4434 2850 4616 produci
2901 4459 2946 4513 a
2998 4439 3170 4515 Deo
3221 4435 3430 4517 sonos
3484 4437 3567 4516 in
3620 4458 3831 4536 aere,
3871 4491 3890 4506 t

648 4546 785 4611 aut
832 4554 918 4610 m
967 4547 1082 4610 tus
1133 4532 1214 4612 in
1262 4559 1543 4636 organo
1592 4534 1884 4614 audttus
1934 4532 2240 4616 excitari
2275 4590 2304 4633 ‚
2372 4553 2499 4616 aut
2574 4559 2750 4637 tgna
2798 4538 3132 4641 quaedam
3182 4536 3330 4619 alia
3379 4538 3834 4641 conspicien-

652 4633 750 4711 da
804 4633 1149 4734 praeberi,
1195 4652 1322 4716 aut
1375 4637 1711 4739 imprimi
1763 4637 2264 4739 perceptiones
2314 4639 2397 4718 in
2446 4639 2699 4719 anima
2734 4694 2765 4737 ‚
2813 4656 2900 4722 ut
2948 4640 3145 4724 hisce
3194 4640 3439 4726 modis
3491 4639 3856 4732 veritates*

654 4735 1125 4817 innotescant
1174 4737 1598 4820 hominibus
1615 4796 1643 4839 ‚
1693 4763 1872 4840 quas
1922 4738 2087 4839 ipfis
2135 4738 2595 4823 manifestare
2654 4746 2821 4823 Deo
2870 4742 3261 4862 placuerit.

771 4841 955 4918 Haec
1004 4862 1187 4921 vero
1237 4841 1576 4938 Supremi
1628 4842 2005 4940 Numinis·
2040 4841 2456 4924 bonitatem
2503 4903 2533 4944 ‚
2604 4845 2680 4925 8<
2728 4848 3182 4949 Saptentiam
3253 4845 3579 4926 maxime
3628 4846 3840 4923 decet

673 4940 1034 5022 revelatio
1085 4969 1107 5023 z
1177 4941 1666 5061 plurimasque
1738 4944 2160 5027 hominibus
2209 4948 2573 5029 utilitates
2624 4947 2832 5030 affert
2873 5007 2895 5028 .
2952 4949 3378 5052 Aptissimas
3426 4939 3843 5041 hujusmodi

672 5042 1091 5136 utilitatum
1107 5100 1139 5154 2
1185 5070 1275 5135 ac
1322 5047 1676 5138 decenum
1721 5046 2051 5144 rationes
2094 5052 2566 5144 accumulant
2593 5107 2624 5158 ,
2671 5054 2808 5166 qui
2853 5051 3128 5143 divina
3175 5045 3651 5140 revelationis
3667 5067 3856 5233 ,ζ
