4597 5696
735 450 902 497 xxxv
1488 426 3166 500 DISSERT'ATIOPRAEVIA

752 550 1180 653 Religionis
1231 551 1570 631 revelatae
1641 551 2004 631 vindicias
2073 567 2387 653 egerunt
2428 608 2448 629 .
2526 552 2700 633 Illas
2762 578 3020 637 ornnes
3087 554 3536 656 compendio
3584 557 3926 640 colleaas

754 654 1027 756 profert
1080 656 1419 756 Aquinas
1469 653 1710 755 capite
1764 680 1836 731 v.
1890 652 2242 755 Adsurgit
2294 655 2500 732 enim
2552 654 2980 736 desiderium
3035 660 3362 738 hominis
3413 663 3513 740 ad
3535 662 3760 742 altius
3812 667 3925 740 bo-

756 785 939 836 num
966 811 995 853 ,
1047 786 1266 856 quam
1321 758 1512 857 quod
1560 754 1878 856 experiri
1934 757 2015 833 in
2043 753 2394 857 praesbnti
2445 754 2620 834 vita
2659 760 2877 859 poffit
2928 759 3247 840 humana
3287 758 3723 861 fragilitas:
3786 764 3921 841 ho·

758 859 1148 958 minesque
1200 888 1246 936 a
1281 856 1746 959 sensibilium
1798 855 2403 936 deleHationibus
2467 884 2560 934 eo
2615 858 2936 940 validius
3022 864 3122 940 ad
3172 861 3614 963 honestatem
3653 867 3925 966 perdu-

767 985 1079 1058 cuntur,
1131 962 1337 1062 quod
1392 958 1528 1055 effe
1577 960 1733 1036 alia
1780 963 1965 1038 bona
2016 958 2128 1037 his
2160 956 2629 1059 sensibilibus
2669 961 2968 1061 potiora
3019 965 3320 1043 noverit
3339 993 3381 1065 ,·
3433 994 3739 1065 quorum
3781 996 3918 1066 gu-

749 1063 881 1168 stu
930 1063 1166 1141 multo
1201 1059 1520 1158 suavius
1574 1061 1703 1161 qui
1737 1084 2017 1139 vacant
2069 1060 2394 1155 aflivis,
2445 1062 2578 1138 vel
2627 1063 3234 1165 contemplativis
3282 1059 3696 1146 virtutibus
3731 1121 3751 1154 ‚
3806 1068 3934 1147 de·

763 1162 1170 1245 leHantur.
1230 1169 1400 1243 Imo
1450 1164 1680 1242 etiam
1733 1161 1987 1241 verior
2039 1163 2191 1242 Dei
2243 1161 2562 1259 cognitio
2616 1162 2986 1243 habetur:
3041 1191 3220 1246 tunc
3270 1165 3468 1247 enim
3509 1168 3752 1263 solum
3802 1196 3931 1246 ve-

765 1292 852 1346 re
905 1276 1153 1347 Deum
1207 1264 1734 1364 cognoscimus,
1787 1264 2074 1362 quando
2131 1261 2367 1364 ipsum
2419 1262 2556 1359 effe
2605 1268 2968 1346 credimus
2998 1267 3237 1370 supra
3293 1268 3378 1347 id
3428 1296 3678 1363 omne,
3734 1269 3931 1369 quod

764 1368 863 1451 de
916 1377 1077 1448 Deo
1128 1364 1442 1465 cogitari
1495 1369 1582 1444 ab
1633 1364 1926 1442 bomine
1966 1364 2289 1465 poffibile
2340 1362 2483 1464 est,
2537 1390 2711 1443 cum
2766 1369 2934 1447 sane
2985 1369 3405 1449 naturalem
3458 1368 3773 1473 hominis
3826 1399 3932 1450 co-

756 1464 1180 1571 gnitionem
1234 1463 1534 1547 Divina
1562 1462 1984 1566 substantia
2034 1466 2333 1546 excedat
2366 1522 2388 1541 .
2472 1467 2675 1546 Hinc
2728 1467 3064 1549 firmatur
3134 1469 3215 1548 in
3288 1471 3578 1550 homine
3628 1472 3876 1571 opinio
3903 1527 3934 1567 ,

824 1594 933 1648 uae
981 1566 1329 1650 divinam·
1362 1570 1615 1650 deceat
1668 1567 2041 1647 infinitam
2092 1567 2645 1647 excellentiam.
2698 1573 3008 1652 Accedit
3031 1571 3623 1674 praesumptionis
3675 1572 3944 1675 reprefi

754 1594 924 1777 ᾖα,
977 1697 1133 1770 quae
1169 1667 1289 1772 est
1339 1693 1578 1749 mater
1627 1669 1894 1750 erroris
1927 1724 1947 1746 .
2035 1679 2229 1748 Sunt
2279 1668 2482 1746 enim
2548 1668 2853 1768 quidam
2905 1699 3204 1752 tantum
3284 1674 3377 1754 de
3436 1672 3578 1770 suo
3634 1674 3936 1774 ingenio

756 1769 1287 1875 praesumentes
1334 1825 1362 1868 ,
1414 1793 1504 1850 ut
1549 1793 1787 1851 totam
1838 1793 2187 1849 naturam
2236 1769 2589 1849 divinam
2619 1772 2716 1868 se
2766 1793 3113 1873 reputent
3143 1774 3283 1870 suo
3339 1774 3725 1856 intellectu
3768 1775 3920 1878 pos
3915 1824 3945 1842 -

755 1871 858 1977 se
906 1870 1163 1953 metiri
1188 1902 1220 1952 .·
1272 1870 1716 1972 aestimantes
1748 1869 2051 1969 scilicet
2100 1926 2130 1970 ,
2180 1893 2422 1950 totum
2472 1870 2613 1969 effe
2658 1900 2926 1955 verum
2977 1878 3170 1977 quod
3222 1876 3326 1956 eis
3377 1877 3692 1957 videtur
3743 1932 3770 1973 ,
3823 1878 3926 1957 O*

761 1973 1055 2077 falsum
1108 1974 1301 2075 quod
1351 1972 1451 2054 eis
1525 2003 1673 2054 non
1724 1974 2038 2055 videtur
2071 2029 2094 2049 .
2171 1983 2277 2052 Ut
2327 2002 2496 2073 ergo
2564 1977 2653 2053 ab
2705 1975 2840 2053 hac
2907 1978 3481 2078 praesumptione
3566 1978 3938 2058 humanus

772 2076 1068 2160 animus
1119 2074 1475 2155 liberatus
1522 2130 1552 2172 ,
1602 2076 1702 2155 ad
1752 2073 2145 2175 modestam
2195 2074 2553 2187 peritatis
2602 2076 3152 2192 inquisitionem
3194 2078 3647 2180 perveniat3
3700 2077 3925 2174 neces
3915 2125 3945 2144 ·

756 2176 1059 2281 sarium
1111 2232 1140 2277 ,
1189 2176 1326 2255 vel
1372 2176 1819 2258 conveniens
1865 2238 1894 2277 ,
1948 2174 2050 2257 δ’
2099 2176 2291 2254 utile
2325 2176 2496 2274 fuit
2544 2233 2572 2273 ,
2623 2177 2906 2257 bomini
2951 2178 3267 2279 proponi
3345 2179 3678 2278 quaedam
3729 2177 3942 2261 divi-

777 2278 987 2360 nitus
1040 2289 1199 2379 quae'
1250 2276 1545 2357 omnino
1597 2276 2056 2359 intellefium
2108 2276 2271 2381 ejus
2320 2281 2746 2360 excederent
2767 2338 2787 2357 .
2841 2281 3104 2382 Quid?
3160 2283 3391 2380 Quod
3444 2309 3689 2360 rerum
3744 2282 3944 2361 nobi-

774 2380 1211 2476 liffimarum
1261 2378 1624 2479 cognitio,
1675 2404 2341 2481 quantumcumque
2394 2378 2830 2485 impersebla
2876 2437 2905 2479 ,
2958 2380 3361 2463 maximam
3403 2381 3942 2483 perfec'lionem

778 2483 1051 2563 anima
1100 2478 1388 2581 confert
1410 2495 1444 2559 ἑ
1513 2476 1711 2563 unde
1761 2482 2110 2584 quamvis
2162 2512 2249 2563 ea
2285 2542 2316 2583 ,
2366 2512 2523 2585 quae
2554 2482 2796 2586 supra
2845 2482 3208 2564 rationem
3254 2484 3436 2575 sunt
3471 2539 3499 2582 ‚
3568 2484 3761 2564 ratio
3813 2483 3950 2564 bu·

773 2610 1003 2666 mana
1042 2583 1270 2686 plene
1317 2602 1573 2686 capere
1618 2612 1765 2661 non
1806 2586 2021 2685 poffit
2036 2614 2077 2685 ,·
2128 2607 2385 2665 tamen
2435 2587 2764 2666 multum
2790 2583 2944 2689 fibi
2982 2582 3466 2690 perfeHionis
3513 2586 3946 2688 aquiritur,

757 2683 840 2792 [i
866 2685 1151 2787 saltem
1200 2680 1456 2764 eadem
1508 2686 2138 2786 qualitercumque
2189 2710 2444 2767 teneat
2475 2687 2676 2783 fide.

886 2788 1112 2872 Hisce
1162 2786 1520 2891 praecipue
1571 2790 2028 2892 argumentis
2075 2789 2332 2871 nobile
2380 2789 2767 2892 ingenium
2821 2791 3140 2874 Thomae
3189 2794 3497 2894 agebat,
3546 2806 3629 2872 ut
3680 2789 3958 2872 divinis

780 2892 1156 2973 attributis
1226 2892 1624 2972 consonam
1662 2947 1692 2988 ,
1762 2893 2114 2994 nobisque
2183 2893 2520 2972 maxime
2596 2895 2861 2975 utilem
2897 2950 2927 2992 ,
2996 2896 3320 2977 suaderet
3370 2895 3902 2975 revelationem
3921 2949 3954 2992 ,

890 3020 932 3071 a
982 2998 1423 3096 Supremum
1478 2995 1789 3073 Numen
1842 2995 2188 3074 veritates
2237 2995 2598 3094 divinas,
2727 3023 2835 3077 uae
2882 3022 3157 3077 nexum
3225 2997 3697 3078 necessarium
3749 3052 3779 3093 ,
3828 3008 3959 3074 aut

822 3094 1274 3175 ufficientem
1325 3122 1479 3174 non
1530 3094 1805 3174 habent
1854 3120 2027 3174 cum
2080 3095 2171 3173 iis
2219 3121 2380 3196 quae
2431 3095 2623 3178 faeta
2707 3117 2840 3178 unt
2870 3154 2899 3195 ,
2948 3125 3186 3201 neque
3242 3125 3370 3200 per
3420 3125 3506 3177 ea
3555 3124 3715 3201 quae
3766 3096 3961 3177 fasta

785 3197 958 3276 sunt
1013 3197 1460 3277 innotescere
1492 3199 1821 3296 possunt,
1890 3196 2266 3295 voluerit,
2367 3197 2572 3279 sicuti
2640 3219 2971 3302 poterat,
3044 3226 3450 3303 proponere
3515 3226 3601 3280 ac
3649 3197 3962 3278 manife-

784 3297 970 3384 stare
1021 3358 1041 3377 .
1145 3297 1407 3378 Praesto
1456 3301 1622 3376 sunt
1674 3299 1897 3378 etiam
1950 3299 2025 3378 8<
2074 3299 2423 3379 decentiae
2473 3300 2547 3379 &
2599 3303 2938 3383 utilitatis
2989 3304 3307 3385 rationes
3333 3362 3362 3403 ,
3413 3319 3497 3381 ut
3544 3305 3801 3381 eadem
3855 3299 3962 3380 di-

784 3402 963 3481 vina
1013 3402 1370 3481 revelatio
1420 3400 1512 3482 ad
1563 3424 1682 3482 eas
1765 3427 2059 3519 quoque
2111 3403 2661 3505 protenderetur
2711 3407 3100 3502 veritates,
3201 3432 3361 3506 quae
3415 3406 3751 3480 humanat
3853 3426 3964 3476 ra-

783 3501 1015 3584 tionis
1068 3503 1520 3605 inquisitioni
1573 3505 1838 3605 perviae
1889 3507 2229 3584 dicuntur
2254 3564 2274 3584 .
2382 3507 2673 3604 Quarto
2724 3507 3044 3598 eiusdem
3097 3507 3310 3584 Libri
3412 3502 3636 3600 primi
3706 3524 3964 3612 prae3ce·

781 3607 1005 3687 dente
1056 3606 1319 3706 Capite
1368 3632 1529 3685 rem
1597 3606 1784 3685 hanc
1841 3606 2142 3686 illustrat
2194 3605 2687 3686 Sand‘tiffimus
2741 3605 3021 3681 DoROr
3063 3659 3084 3678 .
3189 3604 3266 3684 Si
3317 3626 3636 3701 namque
3689 3621 3960 3680 verita·

785 3722 899 3787 tes
949 3707 1027 3785 id
1105 3733 1336 3806 genus
1385 3708 1699 3785 naturali
1740 3710 2120 3785 dumtaxat
2170 3706 2444 3782 rationi
2514 3705 2964 3803 inquirenda:
3049 3703 3609 3803 relinquuntur,
3713 3703 3961 3804 seque·

788 3824 993 3887 retur
1044 3810 1239 3907 quod
1279 3805 1534 3907 paucis
1585 3806 1992 3884 bominibus
2045 3804 2198 3883 Dei
2252 3801 2570 3903 cognitio
2626 3804 2881 3903 ineffet
2927 3862 2947 3882 .
3052 3804 3377 3885 Plurimi
3418 3824 3722 3907 propter
3774 3832 3959 3883 com·

782 3908 1154 4013 plexionis
1207 3905 1490 4008 indispo
1518 3905 1825 3983 itionem
1876 3904 2125 3985 minus
2177 3904 2350 4008 apti·
2411 3905 2576 3985 sunt
2625 3908 2720 3985 ad
2803 3907 3223 3988 sciendum:
3277 3908 3776 4009 impediuntur
3826 3904 3966 3986 alii

794 4012 1211 4107 neceffit‘ate
1259 4008 1370 4087 rei
1476 4006 1895 4101 amiliari53
1949 4009 2352 4108 quominus
2407 4008 2552 4086 otio
2599 4010 3199 4111 contemplativa
3282 4008 3778 4113 inquisitionis
3834 4034 3963 4107 po-

794 4113 924 4193 tiri
982 4128 1261 4214 queant
1292 4167 1320 4209 ,
1390 4134 1478 4191 ut
1528 4111 1629 4191 ad
1678 4107 2060 4207 summum
2095 4107 2498 4211 fastigium
2570 4108 2904 4191 bumana
2956 4109 3397 4212 cognitionis
3436 4109 3885 4213 pertingant
3932 4162 3964 4205 ,

794 4212 952 4298 Dei
1000 4211 1360 4313 scilicet,
1463 4212 1763 4315 ejusque
1832 4213 2362 4314 attributorum
2415 4267 2442 4309 ,
2546 4213 2907 4293 notitiam
2945 4269 2965 4291 .
3071 4215 3455 4298 Laborant
3507 4212 3641 4293 alii
3718 4207 3965 4314 pigri-

791 4315 915 4399 tia
962 4373 990 4415 ‚
1091 4344 1243 4420 qua
1316 4333 1642 4395 renuunt
1744 4343 1865 4394 ma
1916 4314 2489 4396 nos-adsumere
2557 4316 2836 4396 labores
2901 4314 3226 4417 studii,
3295 4314 3442 4394 fine
3512 4314 3787 4416 quibus
3862 4312 3964 4393 ad

787 4421 1160 4523 praediHae
1211 4416 1564 4500 veritatis
1615 4414 1828 4517 inqui
1856 4416 2165 4496 itionem
2207 4414 2603 4518 perveniri
2653 4446 2799 4497 non
2839 4414 3116 4520 potest.
3175 4417 3321 4496 Vel
3376 4413 3500 4495 illi
3553 4436 3907 4517 praeterea
3937 4469 3969 4512 ,

796 4523 935 4622 qui
989 4526 1089 4606 ad
1140 4520 1469 4625 ejusdem
1516 4517 1875 4600 veritatis
1927 4516 2418 4617 cognitionem
2471 4543 2604 4598 aut
2656 4518 3170 4599 inventionem
3209 4520 3771 4621 pertingerent,
3824 4517 3964 4597 vix

790 4623 960 4728 pqst
1015 4626 1318 4724 longum
1369 4641 1657 4721 tempus
1710 4617 1787 4699 id
1841 4619 2418 4721 adsequerentur
2467 4675 2496 4716 ,
2547 4637 2714 4700 turn
2779 4641 3087 4722 propter
3136 4619 3553 4724 hujusmodi
3604 4615 3971 4703 veritatis

791 4723 1391 4829 profunditatem
1427 4779 1456 4820 ,
1526 4739 1689 4803 tum
1740 4739 2036 4824 propter
2105 4722 2580 4803 necessarium
2649 4723 3176 4825 multiplicium
3227 4724 3744 4823 cognitionum
3798 4744 3975 4822 prz-

798 4829 1010 4910 vium
1060 4842 1531 4932 apparatum,
1584 4841 1747 4904 tum
1793 4845 2096 4926 propter
2137 4825 2537 4925 pastionum
2590 4850 2825 4905 motus
2854 4880 2880 4922 ,
2932 4826 3206 4926 quibus
3259 4825 3516 4904 anima
3567 4840 3962 4902 commota

802 4960 950 5014 non
1003 4930 1107 5036 est
1157 4952 1335 5033 apta
1382 4929 1485 5008 ad
1533 4950 1694 5008 tam
1725 4928 1916 5008 ‚altae
1967 4925 2318 5041 veritatis
2368 4926 2853 5027 cognitionem
2874 4985 2894 5007 .
2949 4928 3162 5030 Quid
3213 4952 3389 5027 ergo
3414 4932 3459 5003 ἓ·
3512 4934 3965 5039 Remaneret
4043 4941 4048 4946 ·

800 5032 1203 5139 bumanum
1243 5059 1482 5139 genus
1533 5029 1616 5113 in
1665 5028 2013 5140 maximis
2065 5026 2505 5138 ignorantiae
2554 5028 2870 5116 tenebris
2886 5059 2920 5115 .·
2971 5057 3137 5115 cum
3186 5029 3344 5115 Dei
3383 5027 3705 5133 cognitio
3721 5080 3753 5128 ,
3805 5050 3962 5127 qua

3853 5123 3975 5229 ,bue
