4597 5696
1262 448 1848 523 CONTRA
1939 451 2688 527 GENTILES
2773 443 3027 520 Lln.
3116 448 3211 515 11.

588 569 683 646 ab
735 568 885 648 alio
937 584 1320 647 moveatur
1351 621 1389 660 Δ,
1442 565 1780 665 ponebat
1833 563 2161 665 primum

584 690 894 752 movens
963 671 1041 747 in
1087 689 1540 769 unoquoque
1595 665 1851 748 ordine
1903 690 2159 747 move-

587 798 666 851 re
721 772 791 849 se
843 772 1120 871 ipsum.
1179 775 1281 849 Et
1334 791 1422 848 ex
1476 768 1616 848 hoc
1671 767 2158 867 sequebatur,

584 875 911 954 animam
955 927 982 968 ‚
1054 895 1215 972 quae
1289 871 1385 950 est
1459 870 1788 970 primum
1843 889 2154 964 movens

3718 453 3829 517 263

2264 566 2401 648 effe
2457 565 2957 654 immortalem
2994 589 3020 653 ,t
3115 583 3288 654 nam
3341 571 3539 668 quod
3593 587 3718 666 per
3761 566 3836 642 se

2263 670 2484 750 habet
2552 667 3058 768 operationem
3112 714 3140 765 3
3205 669 3283 750 8<
3352 694 3483 771 per
3555 670 3626 747 se
3677 669 3835 766 exi-⁴

2257 771 2599 855 stenriam
2654 771 2917 858 habere
3069 761 3237 860 test.

2361 875 2502 954 Sed
2557 871 2703 968 jam
2757 871 2957 958 osten
2995 891 3118 954 um
3172 867 3294 963 est,
3326 876 3521 974 quod
3574 899 3829 974 opera-

585 977 665 1055 in
721 976 1044 1052 motibus*
1097 972 1536 1052 animalium
1573 1026 1599 1068 ‚
1673 972 1814 1090 esic
1865 970 2149 1072 aliquid
2247 975 2363 1056 tio
2411 975 2676 1058 anima:
2731 974 3035 1062 brutalis
3067 1018 3102 1069 ‚·
3144 1002 3302 1075 quae
3356 973 3456 1054 est
3509 977 3777 1056 sent1re
3804 1030 3847 1074 ‚.

582 1101 895 1157 movens
947 1077 1016 1154 se
1070 1075 1350 1177 ipsum.
2049 1169 2054 1176 ²

690 1182 858 1258 Hoc
907 1196 1161 1258 autern
1230 1194 1428 1278 patet
1496 1176 1635 1253 esse
1700 1171 1965 1259 salfixm
2022 1177 2148 1254 du·

581 1281 876 1383 pliciter
931 1338 949 1356 .
1005 1281 1258 1359 Primo
1305 1278 1608 1379 quidem
1662 1277 1835 1377 quia
1889 1279 2149 1375 proba·

2250 1104 2402 1156 non
2454 1075 2685 1177 potest
2732 1079 2875 1174 esse
2930 1074 3073 1164 fine
3126 1095 3429 1177 corpore
3464 1128 3485 1156 .
3562 1080 3825 1158 Multo

2249 1197 2496 1258 autem
2553 1178 2790 1278 magis
2854 1173 3001 1266 „hoc
3054 1198 3357 1284 apparet
3427 1179 3508 1258 in
3575 1201 3826 1281 opera-

2251 1282 2458 1361 tione
2512 1280 2711 1378 ejuS,
2761 1281 2961 1381 quod
3010 1278 3113 1357 est
3166 1299 3504 1397 appetere
3544 1305 3567 1368 ι
3622 1309 3825 1376 7ηειηι

584 1403 749 1463 tum
805 1374 904 1459 est
956 1381 983 1479 (
1043 1387 1096 1461 1.
1152 1376 1316 1460 Lib.
1378 1400 1533 1482 cap.
1588 1401 1818 1459 x111.
1873 1379 1901 1475 )
1954 1377 2151 1477 quod
2248 1383 2506 1463 omnia
2570 1404 2731 1482 quae
2815 1381 2908 1461 ad
2981 1399 3389 1483 appetltum
3472 1381 3829 1469 senfitivae

589 1509 815 1565 omne
843 1485 1064 1584 ‘quod
1109 1501 1472 1597 movetur⁸
1509 1498 1637 1581 per
1689 1479 1804 1574 se,
1855 1455 1956 1557 eff
1997 1506 2151 1560 cor·

591 1609 728 1685 pus
760 1613 790 1662 .·
859 1587 1080 1664 Unde
1130 1612 1303 1664 curn
1356 1609 1606 1662 amma
1659 1605 1810 1661 non
1865 1581 1949 1660 fit
2000 1606 2152 1661 cor-

590 1714 727 1789 pus
763 1742 790 1783 ‚
859 1687 1300 1788 impossibiie
1375 1686 1474 1764 est
1564 1683 1795 1786 ipsam
1867 1676 2156 1763 moveri

589 1789 725 1869 nisi
782 1814 910 1890 per
961 1790 1339 1868 accidens.
1392 1784 1727 1870 Secundo
1761 1777 1935 1885 quia
1985 1803 2160 1864 cum

595 1910 909 1971 movens
962 1892 1481 1992 ,inquantum
1537 1887 1949 1984 hujusmodi
1995 1941 2022 1981 ‚
2075 1887 2162 1965 sit

591 1992 805 2090 affin,
856 2009 1150 2095 ‚motum
1187 2012 1484 2102 autem,
1538 1992 1977 2090 inquantum
2028 1989 2155 2067 hu·

592 2092 906 2195 jusmodi
961 2143 987 2189 ·‚
1040 2094 1127 2173 fit
1183 2097 1261 2172 in
1315 2094 1646 2194 potentia
1696 2118 1721 2180 ε,
1788 2090 1978 2168 nihil
2030 2117 2154 2170 au·

593 2214 748 2277 tem
805 2192 1032 2297 potest
1086 2200 1224 2276 esse
1262 2197 1654 2274 secundum
1707 2192 1906 2270 idem
1957 2191 2155 2287 abiu,

593 2300 667 2377 8<
740 2298 1146 2397 potentia:
1234 2293 1672 2396 impossibile
1743 2295 1889 2374 erit
1954 2296 2156 2394 quod

593 2397 792 2479 idem
848 2393 1241 2477 secundum
1294 2399 1496 2477 idem
1550 2396 1635 2476 fit
1686 2420 2033 2491 movens,
2082 2396 2158 2474 8<

592 2519 944 2593 motum,-
1001 2499 1116 2578 sed
1173 2513 1462 2600 oportet
1516 2553 1543 2594 ‚
1619 2497 1668 2576 fi
1723 2496 2000 2598 aliquid
2050 2496 2156 2576 di-

590 2604 784 2683 citur
853 2604 922 2680 se
992 2601 1228 2704 ipsum
1303 2619 1674 2697 moven5‚
1740 2601 1938 2715 quod
2009 2624 2156 2676 una

591 2727 756 2804 pars
810 2702 960 2800 eiua
1012 2702 1098 2780 fit
1149 2724 1508 2796 movens,
1558 2702 1629 2779 8<
1679 2701 1830 2776 alia
1882 2724 2042 2796 pars
2072 2698 2157 2778 fit

588 2823 861 2897 mota3
928 2803 998 2880 8(
1056 2802 1194 2879 hoc
1265 2803 1490 2879 modo
1558 2801 1826 2878 dicitur
1875 2799 2150 2875 animal

588 2925 891 2983 movere
968 2902 1039 2980 se
1109 2900 1344 3001 ipsum
1381 2954 1408 2995 ‚
1479 2902 1656 2999 quia
1729 2898 1981 2983 anima
2050 2897 2153 2977 est

588 3030 899 3085 movens
937 3059 962 3099 ‚
1013 3003 1086 3081 8<
1139 3024 1397 3103 corpus
1447 3001 1547 3081 est
1601 3017 1894 3081 motum
1935 3056 1952 3079 .
2011 3004 2149 3082 Sed

588 3109 766 3209 quia
818 3106 1028 3185 Plato
1079 3104 1407 3182 animam
1459 3131 1612 3182 non
1647 3107 1964 3205 ponebat
2014 3106 2150 3183 esse

589 3233 896 3310 corpus3
947 3207 1121 3285 licet
1175 3221 1497 3285 uteretur
1524 3208 1826 3287 nomine
1880 3224 2152 3305 motuS,

591 3312 725 3410 qui
795 3310 1084 3411 proprie
1153 3332 1547 3408 corporum
1618 3304 1717 3386 cst
1749 3363 1779 3404 ,
1844 3332 1997 3388 non
2043 3324 2151 3387 ta-

591 3432 768 3490 men
823 3412 964 3488 hoc
1030 3408 1119 3490 de
1173 3428 1380 3489 motu
1448 3409 1737 3509 proprie
1791 3408 1990 3490 dic‘to
2043 3409 2150 3487 in·

594 3508 979 3609 telligebat
1020 3564 1048 3608 ‚
1159 3510 1279 3589 sed
1348 3510 1759 3610 accipiebat
1860 3527 2151 3590 motum

591 3609 1060 3694 communius
1116 3631 1250 3711 pro
1299 3611 1629 3712 qualibet
1680 3614 2147 3711 operatione,

591 3733 809 3817 prout
859 3710 1088 3793 etiam
1148 3711 1570 3792 Aristoteles
1641 3712 1821 3791 dicit
1874 3714 1952 3791 in
2010 3718 2147 3794 111.

595 3820 683 3897 de
741 3816 1064 3909 Anima,
1115 3814 1143 3912 (
1199 3829 1373 3893 text.
1425 3834 1697 3893 comm.
1753 3836 2073 3900 xxv111.
2129 3815 2157 3913 )

590 3918 788 4019 quod
840 3917 1148 4011 sentire,
1199 3918 1272 3995 8<
1325 3916 1738 4016 intelligere
1790 3918 1950 4028 sunt
2003 3938 2156 3997 mo·

595 4035 712 4098 tus
761 4019 1062 4117 quidam
1103 4068 1121 4092 .
1193 4020 1312 4096 Sic
1365 4035 1613 4097 autem
1683 4036 1950 4098 motus-
2001 4045 2153 4097 non

592 4121 694 4201 est
748 4117 949 4198 actus
1018 4115 1382 4197 existentis
1430 4118 1516 4197 in
1570 4122 1900 4221 potentia
1940 4175 1965 4215 ,
2013 4122 2156 4221 sed

591 4222 800 4303 achis
869 4218 1173 4321 perfecti
1217 4268 1235 4293 ·
1311 4222 1531 4298 Unde
1622 4243 1797 4300 cum
1869 4223 2155 4303 dicebat

589 4324 921 4401 animam
978 4344 1279 4399 movere
1336 4319 1405 4398 se
1461 4322 1691 4421 ipsam
1744 4379 1770 4418 ,
1823 4324 2152 4405 intende-

593 4429 720 4504 bat
771 4445 899 4523 per
980 4421 1121 4499 hoc
1173 4418 1415 4500 dicere
1455 4477 1480 4517 ‚
1534 4427 1729 4521 quod
1782 4426 1931 4525 ipsa
1983 4447 2156 4528 ope·

593 4544 794 4604 ratur
842 4523 1112 4623 absque
1164 4522 1621 4603 adminiculo
1670 4528 1995 4624 corporis
2033 4582 2059 4621 ‚
2112 4553 2155 4605 e

2253 1485 2475 1586 partis
2530 1485 2941 1584 pertinent,
2984 1484 3358 1581 manifeste
3393 1505 3564 1566 cum
3605 1486 3829 1565 trans·
3896 1520 3905 1528 ·

2255 1586 2666 1665 mutatione
2719 1580 2967 1684 aliqua
3019 1589 3343 1686 corporis
3393 1589 3580 1669 fiunt
3615 1639 3643 1686 ‚
3695 1613 3831 1674 un·

2253 1690 2349 1768 *de
2401 1691 2472 1767 8(
2525 1683 2879 1788 pastiones
2931 1681 3194 1767 animae
3228 1692 3615 1771 dicuntur.

2367 1795 2484 1872 Ex
2505 1790 2767 1889 quibus
2792 1784 3112 1889 sequitur
3149 1793 3346 1892 quod
3396 1819 3533 1871 nec
3586 1793 3608 1869 i
3662 1791 3824 1871 sum

2259 1911 2562 1970 movere
2617 1892 2702 1971 fit
2752 1891 3087 1991 operatio
3152 1891 3415 1973 animae
3471 1894 3820 1974 senltivae

2257 1994 2529 2094 absque
2597 2011 2877 2094 organo
2920 2049 2938 2069 .
3014 1995 3198 2072 Non
3289 1990 3496 2073 enim
3565 2009 3823 2075 movet

2257 2097 2509 2174 anima
2585 2095 2887 2176 brutalis
2954 2087 3086 2173 nisi
3168 2113 3298 2196 per
3350 2096 3632 2176 sensum
3670 2151 3697 2192 ‚
3747 2097 3826 2179 8<

2257 2198 2666 2299 appetitum
2711 2227 2729 2276 ε
2804 2223 2981 2275 nam
3055 2199 3284 2278 virtus
3335 2225 3501 2298 qua:
3552 2198 3826 2277 dicitur

2258 2324 2628 2398 exequens
2678 2317 3013 2394 motum,
3062 2297 3243 2379 'facit
3296 2303 3627 2381 membra
3680 2304 3824 2380 esse

2256 2403 2677 2482 obedientia
2731 2400 3047 2518 imperio
3097 2401 3460 2502 appetitus
3519 2455 3547 2497 ‚
3626 2403 3825 2481 unde

2260 2505 2499 2604 magis
2568 2502 2732 2583 sunt
2799 2520 3103 2583 virtutes
3154 2501 3609 2603 perficientes
3660 2521 3822 2580 cor-

2261 2625 2393 2704 pus
2444 2607 2536 2684 ad
2587 2605 2876 2684 moveri
2899 2629 3122 2703 quam
3174 2605 3478 2682 virtutes
3513 2625 3824 2681 moven-

2259 2718 2401 2798 tes.
2457 2707 2577 2784 Sic
2633 2704 2861 2803 igitur
2910 2719 3111 2801 patet
3143 2703 3340 2804 quod
3391 2701 3594 2781 nulla
3646 2722 3822 2804 ope·

2255 2797 2446 2886 ratio
2497 2801 2761 2883 animae
2815 2804 3120 2884 brutalis
3191 2803 3421 2908 potest
3473 2806 3613 2883 effe
3667 2803 3817 2885 abs-

2254 2932 2398 3010 que
2449 2926 2751 3007 corpore
2800 2932 2819 2984 ·.·
2887 2932 2978 2986 ex
3028 2933 3179 3009 quo
3263 2910 3353 2988 de
3407 2907 3825 2987 necessitate

2251 3010 2591 3090 concludi
2643 3007 2872 3129 potest
2949 3012 3150 3110 quod
3199 3012 3452 3092 anima
3506 3009 3837 3093 brutalis'

2252 3131 2428 3194 cum
2477 3130 2781 3214 corpore
2833 3126 3199 3194 intereat.

2484 3266 2538 3329 C
2622 3261 2684 3331 A
2771 3258 2819 3329 P
2906 3262 2965 3328 U
3052 3260 3114 3328 T
3219 3258 3595 3329 Lxxxm.

2255 3390 2432 3487 ‚Quod
2471 3397 2666 3458 anima
2708 3389 2955 3458 bumana
2993 3413 3101 3458 non
3142 3396 3378 3477 incipiat
3417 3418 3542 3461 cum
3585 3408 3815 3477 corpore,

2669 3476 2778 3556 sed
2807 3476 2986 3554 suerit
3025 3475 3099 3538 ab
3142 3498 3333 3540 eterno
3349 3520 3365 3538 .
3654 3494 3659 3503 ·

2269 3621 2272 3624 ’
2386 3612 2497 3690 Ed
2547 3610 2720 3710 quia
2788 3603 3058 3688 eaedem
3140 3632 3251 3688 res
3334 3600 3820 3689 inveniuntur

2428 3713 2500 3790 8<
2553 3712 2691 3790 esse
2744 3713 3064 3812 incipere
3116 3764 3142 3807 ‚
3193 3713 3267 3791 8<
3317 3707 3546 3790 finem
3601 3714 3823 3789 essen·

2257 3821 2334 3898 di
2387 3816 2652 3893 habere
2695 3875 2722 3914 ,
2774 3808 3002 3915 potest
3056 3806 3276 3894 alicui
3329 3813 3563 3892 videri
3618 3810 3817 3914 quod

2258 3938 2349 3997 ex
2402 3942 2553 4017 quo
2603 3918 2851 3996 anima
2904 3916 3229 3994 humana
3270 3906 3496 3994 finem
3550 3912 3820 3992 essendi

2256 4047 2408 4099 non
2463 4019 2730 4112 habet,
2783 4020 2979 4116 quod
3032 4042 3168 4096 nec
3272 4010 3668 4116 rincipium
3723 4012 3822 4090 efi-

2258 4119 2457 4200 sendi
2536 4121 2871 4198 habuerit
2921 4174 2947 4215 ‚
3003 4120 3139 4218 *sed
3236 4112 3425 4195 uerit
3497 4116 3820 4214 semper:

2254 4225 2451 4324 quod
2518 4223 2822 4323 quidem
2889 4220 3184 4299 videtur
3254 4218 3366 4298 his
3418 4217 3826 4296 rationibus

2255 4326 2448 4427 posse
2504 4321 2842 4422 probari.

2285 4524 2289 4529 ι
2373 4454 2429 4504 1.
2485 4429 2692 4504 Nam
2777 4420 2849 4502 id
2924 4416 3124 4525 quod
3201 4439 3604 4522 numquam
3683 4419 3827 4501 effe

2257 4528 2525 4609 desmet
2577 4581 2602 4621 ,
2672 4526 2891 4604 habet
2962 4527 3318 4606 virtutem
3371 4545 3454 4603 ut
3506 4523 3591 4602 fit
3645 4522 3827 4600 sem-

592 4624 964 4706 contrario
1015 4626 1085 4702 ei
1113 4627 1309 4724 quod
1359 4624 1628 4704 accidit
1678 4625 1756 4702 in
1796 4626 1958 4704 aliis
2009 4626 2151 4708 for·
2247 4648 2380 4731 per
2417 4684 2435 4706 .
2511 4623 2737 4730 Quod
2790 4646 3036 4707 autem
3119 4629 3340 4707 habet
3423 4629 3828 4720 virtutem,

589 4730 736 4807 mis
786 4782 813 4823 ‚
885 4748 1051 4827 ,quae
1125 4748 1276 4803 non
1328 4745 1562 4827 agunt
1610 4726 1888 4841 absque
1930 4748 2151 4808 mate·
2250 4750 2661 4830 numquam
2731 4728 2822 4807 de
2891 4754 2981 4809 eo
3048 4746 3309 4810 ’verum
3389 4727 3488 4808 est
3539 4728 3828 4820 dicere,

589 4831 740 4909 ria:
799 4856 946 4906 non
1004 4826 1204 4906 enim
1259 4825 1459 4908 calor
1497 4826 1833 4908 calefaclt
1886 4829 2151 4930 separa·
2252 4854 2406 4912 non
2459 4834 2598 4910 effe
2640 4860 2655 4903 :
2735 4829 2911 4930 quia
2962 4848 3320 4933 quantum
3379 4829 3449 4907 se
3500 4825 3830 4905 extendit

583 4934 730 5013 tim
783 4985 842 5024 ‚‚
882 4930 998 5007 sed
1048 4930 1367 5008 calidum
1413 4958 1430 5004 ε
1511 4955 1600 5010 ex
1656 4956 1808 5030 quo
1858 4935 2152 5011 volebat
2255 4935 2490 5014 virtus
2542 4934 2812 5013 essendi
2866 4988 2889 5029 ‚
2974 4955 3285 5029 tantum!
3321 4955 3432 5009 res
3482 4931 3692 5007 durat
3744 4928 3827 5005 in

585 5033 1021 5129 concludere
1058 5057 1360 5115 ornnem
1396 5033 1731 5123 animam
1760 5035 2151 5136 motivam,
2254 5038 2437 5119 effe.
2496 5040 2749 5119 Omne
2802 5054 3055 5119 autem
3100 5035 3297 5140 quod
3329 5031 3605 5134 incepit
3655 5029 3826 5214 essa,

3714 5156 3758 5216 e
