4597 5696
1325 401 3238 537 eoNTnAGENTi‘LEs'L1B.1·
3623 409 3632 417 ⁶
3807 468 3878 561 5'7

663 560 1015 650 virtutem
1064 566 1204 644 esse
1258 568 1668 648 infinitam.
1724 572 1904 649 Haec
1954 583 2202 648 autem
2308 597 2384 648 ra
2437 571 2940 658 testi—monium
2974 570 3344 673 perhibet:
3402 572 3509 649 ait
3546 589 3864 672 namque

658 667 850 744 ratio
922 667 1146 745 etiam
1221 669 1611 748 secundum
1691 696 1813 749 eos
1885 672 2012 771 qui
2080 695 2201 769 po-
2308 673 2484 752 Psal.
2525 675 2764 754 cxl1v.
2801 704 2865 778 3.
2922 676 3247 774 Magnus
3301 671 3712 770 Dominus,
3762 676 3860 751 (⁶3¹

659 783 849 844 nunt
913 770 1407 849 aeternitatem'
1465 772 1721 849 mundi
1767 826 1794 861 ‚
1867 772 2063 849 valet
2114 771 2260 848 ad*
2308 775 2704 856 laudabilis
2773 774 2998 854 nimis
3034 830 3062 871 ‚
3131 774 3231 853 (9*
3311 773 3868 873 magnitudinis

2308 874 2468 978 ejus
2521 904 2662 954 non
2713 866 2815 978 est
2849 873 3081 970 finis.
3138 876 3338 955 Huic
3391 875 3614 953 etiam
3668 875 3857 952 veri-

2313 978 2447 1056 tati
2500 977 2919 1056 attestantur
2943 977 3600 1077 antiquiffimorum
3621 975 3863 1054 Philo-

2315 1078 2703 1178 sophorum
2772 1079 2964 1157 dicta
3009 1133 3037 1174 ‚
3105 1079 3234 1179 qui
3303 1103 3556 1155 omnes
3610 1077 3856 1153 infini-

2311 1195 2471 1257 tum
2523 1179 2945 1280 posuerunt·
2990 1180 3313 1280 primurn
3366 1202 3608 1279 rerum
3660 1178 3857 1276 prin-

2309 1281 2630 1381 cipium,
2681 1280 2887 1380 quasi
2938 1283 3030 1358 ab
3071 1277 3224 1379 ipsa
3247 1281 3559 1358 veritate
3597 1277 3859 1356 coacti:

2309 1406 2442 1481 pro
2493 1383 2678 1459 riam
2770 1382 2972 1459 enim
3041 1406 3308 1459 vocem
3375 1381 3855 1480 ignorabant,

2309 1485 2425 1562 exi
2488 1483 2795 1561 imantes
2847 1482 3295 1560 infinitatem
3370 1480 3712 1583 principii
3766 1481 3859 1557 ad

2301 1587 2605 1663 modum
2675 1583 3096 1683 quantitatis
3165 1582 3481 1661 discretae
3525 1637 3551 1678 ,
3606 1582 3874 1659 secun--

2303 1687 2483 1783 durn
2521 1685 3070 1776 Democritum,
3125 1683 3251 1780 qui
3275 1684 3511 1780 posuit
3563 1699 3850 1759 atomos

2304 1783 2627 1861 infinitos
2696 1808 2936 1859 rerum
2991 1782 3348 1880 principia
3384 1834 3411 1875 ,
3461 1798 3555 1858 'et
3607 1781 3851 1858 secun-

2301 1885 2477 1959 dum
2535 1887 3085 1979 Anaxagoram,
3138 1881 3265 1980 qui
3310 1880 3552 1978 posuit
3603 1877 3869 1955 infini--

2301 2000 2407 2061 tas
2472 1999 2706 2082 partes
2781 1981 3199 2059 consimiles
3265 2003 3509 2056 rerum
3582 1979 3863 2078 princi-·

2297 2083 2416 2182 pia
2461 2111 2478 2159 :
2531 2082 2652 2160 vel
2703 2084 2793 2159 ad
2844 2083 3147 2164 modum
3198 2080 3624 2179 quantitatis
3676 2106 3868 2158 con·-

2295 2183 2559 2276 tinuae‚
2612 2182 3004 2259 secundum
3056 2180 3224 2278 illos
3274 2180 3401 2278 qui
3452 2180 3866 2281 posueruntj

2290 2283 2585 2380 aliquod
2670 2280 3185 2375 elementum',
3253 2279 3375 2357 vel
3464 2278 3847 2360 confusum

2288 2383 2584 2481 aliquod
2654 2381 3028 2460 infinitum
3100 2405 3359 2480 corpus
3394 2434 3422 2475 ‚
3493 2383 3631 2459 effe
3699 2382 3865 2482 pri·‘

2286 2505 2498 2559 mum
2548 2483 2887 2560 omnium
2928 2482 3374 2582 principium
3399 2513 3425 2555 .·
3473 2484 3612 2561 Sed
3665 2482 3866 2561 cum‘-

2285 2582 2650 2661 ostensum
2702 2585 2800 2660 sit
2852 2608 2979 2682 per
3014 2582 3469 2682 sequentium
3524 2583 3866 2660 Philosoe·

2285 2683 2598 2782 phorum
2654 2682 2967 2761 studium
3005 2736 3032 2776 ‚
3100 2684 3299 2781 quod
3334 2705 3499 2757 non
3552 2683 3658 2758 est
3708 2682 3860 2760 ali..⁸
3988 2715 3994 2722 .

2282 2786 2477 2884 quod
2527 2807 2784 2883 corpus
2835 2781 3283 2874 infinitum3'
3320 2782 3395 2860 et
3445 2778 3614 2859 huic
3666 2791 3867 2860 con-²

2284 2884 2621 2983 jungatur
2691 2885 2886 2982 quod
2954 2899 3243 2983 oportet
3320 2883 3458 2961 ess‘e
3563 2882 3853 2960 timum·

2279 2985 2725 3084 principium
2794 2983 3044 3082 aliquo
3116 2986 3340 3062 modo
3415 2984 3492 3060 in
3547 2982 3864 3060 nitumza

2277 3084 2734 3163 concluditur
2804 3087 3000 3183 quod
3070 3108 3305 3184 neque
3377 3083 3483 3161 est
3533 3106 3835 3182 corpuS,

2290 3210 2530 3286 neque
2579 3186 2808 3263 virtus
2864 3186 2941 3262 in
2972 3210 3296 3285 corpore
3339 3180 3711 3261 infinitum
3755 3185 3840 3262 il-

2292 3285 2421 3365 lud
2473 3288 2671 3386 quod
2722 3286 2827 3363 est
2876 3287 3200 3385 primurn
3250 3285 3733 3387 principium.

2537 3404 2592 3464 C
2677 3406 2734 3468 A
2822 3407 2870 3465 Ρ
2959 3409 3010 3468 U
3104 3408 3165 3467 T
3328 3410 3571 3473 XLIV.

2632 3484 2805 3565 ,Q-ieod
2843 3490 2998 3548 Deus
3035 3484 3105 3561 esi
3138 3487 3487 3571 intelligens.
3608 3541 3611 3543 -

2596 3566 2648 3627 1.
2691 3567 2852 3624 Part.
2895 3564 3078 3647 qaaest.
3125 3585 3267 3628 xxv.
3308 3589 3417 3630 art.
3465 3590 3523 3634 2.

2283 3681 2517 3867 EX
2569 3684 2935 3783 praemiffis
2986 3702 3233 3767 autem
3269 3689 3544 3770 ostendi
3597 3692 3826 3794 potest
3848 3698 3868 3742 '²'

2494 3789 2691 3883 quod
2743 3790 2946 3867 Deus
2995 3787 3093 3866 fit·
3133 3788 3582 3891 intelligens.
3846 3886 3853 3895 ,

2288 3983 2303 3996 ·
2394 3913 2453 3962 1.
2509 3885 2896 3966 Ostensum
2949 3890 3045 3968 est
3091 3889 3295 3969 enim
3327 3894 3580 3995 supra,
3631 3899 3827 3997 quod

2283 4011 2361 4061 m
2401 3991 2869 4068 moventibus
2889 4036 2925 4085 ,·
2967 3990 3041 4069 8<
3083 3993 3305 4072 motis
3347 4003 3497 4073 nori
3536 3996 3636 4073 est
3671 3999 3830 4096 pos·

2282 4085 2509 4161 fibilex
2559 4089 2638 4164 in
2726 4090 3103 4169 infinitum
3189 4099 3635 4192 procedere3
3715 4098 3831 4177 sed

2280 4204 2571 4282 oportet
2616 4192 2872 4268 omnia
2924 4193 3236 4270 mobilia
3289 4198 3691 4295 reducere,
3741 4215 3858 4277 ut·

2279 4286 2670 4399 probatum
2723 4291 2820 4368 est
2875 4291 2905 4387 (‘
2921 4317 3073 4392 cap.
3125 4296 3395 4393 x111.)
3448 4299 3525 4376 in
3579 4325 3817 4377 unum

2279 4411 2603 4485 primum
2655 4415 2960 4472 movens
3010 4394 3083 4471 se
3137 4395 3370 4495 ipsum
3403 4456 3421 4475 .
3496 4403 3824 4480 Movens'

2278 4508 2525 4602 autem
2580 4490 2649 4568 se
2700 4493 2939 4594 ipsum
2973 4540 2999 4578 ‚
3083 4496 3153 4572 se
3204 4519 3460 4580 movet
3525 4527 3651 4603 per
3702 4507 3863 4599 ap··‘

2277 4607 2637 4703 petitum,
2688 4593 2760 4670 8<
2813 4595 3488 4695 apprehenfionem:
3551 4603 3695 4681 sola
3749 4626 3819 4678 e·
3842 4602 3861 4618 ⁹

2275 4713 2436 4765 mm
2506 4690 2951 4785 hujusmodi·
2991 4697 3464 4781 inveniuntur
3522 4704 3611 4782 ·se
3666 4702 3859 4802 ipsa·

2276 4815 2619 4891 movere,
2673 4814 2922 4897 utpote
2976 4801 3054 4880 in
3105 4802 3368 4900 quibus
3418 4798 3517 4881 est
3571 4829 3852 4881 move··

2274 4914 2353 4966 re
2383 4945 2409 4986 ,
2460 4893 2533 4971 8<
2585 4923 2734 4976 non
2785 4905 3111 4981 moveri.
3169 4906 3334 4980 Pars
3377 4905 3604 5003 igitur
3655 4926 3818 4980 mo·

735 4983 955 5065 Huic.
989 4997 1235 5084 autem
1286 4983 1578 5068 veritati
1619 4983 1812 5066 sacra
1851 4988 2174 5093 'Scriptu-
2273 5018 2451 5077 vens
2521 4997 2605 5078 in
2672 5002 2918 5103 primo
2985 5020 3391 5082 movente..
3432 5007 3504 5085 se
3572 5003 3853 5105 ipsum!

697 5083 1707 5169 tS.Tb.Contr.Gent.Tom.I·

3599 5123 3810 5200 opor-
