4597 5696
1208 485 1217 494 .
1344 427 1484 492 DE
1544 426 2123 495 VERITATE
2180 426 2922 500 cATHoLlcat
2981 429 3294 499 rrum

725 537 1212 659 intelle-&um
1238 575 1295 659 4,
1346 566 1512 645 quae
1561 573 1717 638 non
1773 547 2058 630 habent
2107 547 2290 628 alias
2389 549 2477 632 fit
2528 548 2731 632 aetus
2779 547 3154 649 corporis,
3207 547 3284 628 8(
3333 543 3956 649 nonperaliquid

725 661 1105 747 potentias
1176 669 1446 727 ammae
1495 703 1524 745 ‚
1609 650 1893 731 scilicet
1974 674 2289 751 corpora
2392 653 2662 744 aliud-3
2733 653 2925 731 unde
2997 663 3134 730 trec
3207 647 3308 730 est
3375 647 3668 750 aliquid
3724 672 3960 728 unum

734 423 863 490 228

721 744 1043 865 taelestia
1097 802 1116 825 .
1189 748 1377 827 Non
1448 752 1721 851 poterit
1773 752 2007 856 igitur
2054 752 2205 832 dici
2259 808 2287 851 ‚

731 848 943 965 quod
996 847 1426 932 intelleRus
1493 855 1982 935 continuetur
2027 873 2308 958 (σφω

730 950 961 1062 ribus·
1017 948 1420 1068 caelesiibus
1493 981 1625 1057 per
1695 956 2212 1061 phantasmata
2263 983 2291 1051 ς

728 1052 859 1133 fed
907 1053 1291 1155 oportebtt
1362 1055 1606 1138 dicere
1659 1114 1687 1157 ‚
1740 1059 1946 1162 quod
1999 1058 2291 1138 intelle-

662 1229 671 1238 .
732 1151 898 1270 &us
979 1155 1388 1235 secundum
1495 1161 1699 1241 suam
1809 1159 2288 1242 substantiam

737 1276 1044 1360 umatur
1111 1258 1406 1359 corpori
1474 1263 1739 1342 c‘aelesti
1815 1281 1898 1344 ut
1948 1262 2216 1343 ‘sonna
2267 1319 2290 1341 .

734 1358 859 1440 Sic
913 1357 1149 1478 igitur
1198 1360 1274 1439 8(
1325 1366 1626 1465 corpori
1660 1366 1993 1448 humano
2045 1363 2296 1466 (quod

734 1460 837 1539 est
892 1478 1107 1577 ‘.¹¹.¹t‘'¹'
1175 1463 1434 1544 omnia
1526 1492 1841 1566 corpora
1938 1461 2295 1548 inferiora

735 1562 1283 1643 nobtltffimum
1335 1622 1364 1664 ‚
1467 1568 1542 1647 8(
1648 1569 2075 1670 aequalitate
2153 1568 2297 1650 suae

736 1664 1313 1780 complexionis·
1356 1673 1544 1751 caelo
1595 1675 1691 1751 ab
1744 1671 1957 1751 omni
2010 1689 2297 1753 contra·

733 1782 1005 1884 rietate
1055 1769 1397 1853 absoluto
1448 1772 1916 1853 simillimum
1971 1773 2000 1870 )
2049 1772 2296 1853 secun-

734 1867 1484 1986 dum-intentionem
1568 1876 1984 1957 Aristotelis
2036 1931 2066 1972 ,
2132 1876 2294 1955 sub·

734 1967 1005 2050 stantia
1085 1974 1610 2056 intellessualis
1691 1978 1953 2060 unitur
2005 2032 2031 2073 ,
2135 2003 2295 2058 nun

738 2095 874 2169 1²⁶¹·
923 2075 1177 2189 aliqua
1230 2079 1787 2178 phantasmata,
1840 2082 1958 2162 sed
2013 2096 2101 2158 ut
2153 2077 2296 2157 for·

735 2194 864 2250 ma
923 2175 1187 2270 ipsius.

844 2275 1019 2388 Boc
1088 2295 1340 2356 autem
1410 2281 1611 2378 quod
1681 2279 1969 2359 dicium
2049 2278 2149 2357 est
2203 2279 2297 2357 de

741 2375 1211 2456 animatione
1265 2374 1470 2488 caelix,
1529 2407 1677 2458 non
1707 2383 2041 2458 diximus
2093 2378 2294 2478 quafi

738 2478 1120 2572 asserendo
1164 2480 1571 2560 secundum
1618 2481 1791 2560 fidei
1843 2479 2304 2575 dofflrinam5

741 2582 836 2696 ad
887 2606 1117 2681 quam
1159 2584 1365 2664 nihil·
1408 2585 1729 2685 pertinet
1761 2569 1937 2664 five*
1958 2582 2104 2679 fic,
2152 2579 2300 2660 five

740 2683 961 2762 ahter
1011 2683 1303 2764 dicatur
1355 2715 1370 2759 ε
1451 2687 1641 2764 unde
1705 2684 2162 2786 Augustinus
2219 2683 2297 2760 in

740 2784 1256 2897 Euchiridion
1313 2789 1339 2885 (
1378 2789 1867 2909 capdvtu.)
1919 2795 2075 2871 Nec
2100 2784 2298 2864 illud

739 2888 1044 2986 qutdem
1112 2914 1392 2967 certum
1460 2890 1673 2969 habeo
1729 2945 1756 3002 2
1854 2913 2108 2968 utrum
2200 2886 2298 2964 ad

741 2986 1075 3065 eamdem
1106 2987 1543 3082 societatem
1564 3046 1591 3086 ‚
1624 2988 1923 3086 sedicet
1976 2987 2297 3086 Angelo-

742 3114 955 3189 rum,
997 3087 1433 3188 pertineant
1483 3091 1609 3169 Sol
1641 3146 1669 3188 .,
1719 3091 2086 3171 &Luna
2120 3143 2144 3183 ‚
2196 3089 2296 3167 Φ*

739 3186 1001 3302 euntia
1058 3186 1335 3287 sjtdera
1391 3220 1428 3293 ‚·
1501 3190 1849 3292 quamvis
1918 3188 2297 3269 nonnullis

739 3290 994 3369 luctda
1048 3290 1184 3388 effe
1237 3314 1531 3393 corpora
1566 3349 1597 3388 ,
1661 3294 1768 3391 (a)
1840 3321 1985 3370 non
2042 3316 2297 3369 tamen

702 3492 706 3496 Α
722 3389 951 3499 sensu
996 3445 1025 3490 ‚
1081 3394 1218 3471 vel
1268 3392 1777 3495 intelligentia
1825 3394 2241 3474 videantur
2288 3464 2312 3484 ,

1027 3543 1081 3607 C
1165 3546 1226 3608 A
1319 3546 1387 3607 1>
1453 3547 1508 3611 U
1598 3547 1659 3608 T
1786 3544 2018 3609 LXXI.

821 3672 1000 3759 Quod
1054 3676 1255 3736 anima
1323 3636 1651 3738 immediata:
1715 3680 1908 3749 unitur
1964 3676 2172 3756 corpori
2212 3713 2233 3775 f

732 3803 974 3992 EX
1024 3807 1406 3904 praemissis
1473 3825 1721 3887 autem
1789 3796 2134 3888 concludi
2188 3830 2315 3907 po·

884 4008 899 4022 .
956 3905 1087 4023 tel‘t
1139 3911 1335 4009 quod
1386 3911 1636 3991 anima
1674 3910 2101 3989 immediate
2154 3931 2313 3987 cor-

741 4031 906 4109 pori
961 4029 1263 4089 umtur:
1324 4035 1458 4090 nec
1509 4030 1804 4110 oportet
1854 4035 2126 4114 ponere
2176 4009 2305 4087 ali·

2389 753 2667 837 faciens
2739 780 2830 834 ex
2869 750 3216 834 ⁴·materia
3302 751 3377 831 8(
3454 748 3697 829 forma
3730 804 3758 844 ‚
3825 749 3963 829 nisi

2392 884 2438 936 a
2488 883 2618 936 ens
2655 911 2685 952 ,
2751 857 2957 956 quod
3029 853 3444 965 potentiam
3518 851 3802 932 reducit
3871 852 3969 932 ad

2560 984 2683 1053 m,
2735 974 2821 1038 ut
2871 958 3134 1060 probat
3184 953 3615 1036 Aristoteles
3638 953 3721 1034 in
3741 955 3968 1033 VIII.

2392 1058 2884 1178 Metaphysic.
2937 1060 2966 1158 (
3020 1073 3197 1162 text.
3248 1082 3523 1138 comm.
3575 1054 3762 1152 ult.)
3789 1079 3970 1134 nam

2391 1180 2700 1244 materia
2729 1217 2757 1260 ‚
2806 1163 2881 1258 &
2936 1160 3177 1242 forma
3245 1157 3521 1241 habent
3549 1251 3559 1260 ,
3587 1157 3656 1239 se
3710 1174 3793 1239 ut
3843 1182 3973 1263 pog

2393 1267 2628 1348 tentia
2656 1320 2679 1354 ‚
2731 1263 2805 1343 8(
2845 1261 3055 1354 ,αξὶιις
3090 1322 3110 1341 .

2501 1365 2739 1449 Potest
2793 1384 3044 1446 tamen
3071 1364 3220 1445 dici
3241 1420 3268 1463 ‚
3318 1363 3603 1466 aliquid
3650 1363 3799 1443 esse
3818 1385 3974 1441 me-

2396 1470 2604 1552 dium
2674 1469 2872 1548 inter
2937 1469 3266 1548 animam
3319 1467 3395 1547 8(
3460 1491 3726 1567 corpus
3761 1519 3788 1562 ,
3840 1460 3973 1543 etsi

2399 1600 2556 1654 non
2605 1572 2685 1651 in
2736 1573 3030 1652 effendo
3053 1625 3081 1668 ‚
3134 1588 3386 1650 tamen
3439 1568 3520 1647 in
3571 1568 3974 1662 movendo,

2398 1676 2474 1754 8(
2529 1676 2608 1754 in
2657 1673 2783 1753 via
2833 1671 3329 1773 generationis
3354 1727 3375 1748 .
3454 1674 3544 1751 In
3595 1668 3970 1748 movendo

2398 1777 2705 1879 quidem
2747 1829 2773 1871 ‚
2838 1775 3018 1876 quia
3088 1774 3165 1853 in
3235 1789 3447 1852 motu
3515 1795 3668 1871 quo
3716 1769 3970 1849 anima

2400 1896 2659 1960 movet
2708 1902 3017 1977 corpus,
3069 1873 3169 1955 est
3220 1874 3526 1977 quidam
3575 1873 3756 1952 ordo
3808 1896 3970 1951 mo·

2399 1982 2668 2061 bilium
2706 2034 2734 2074 ‚
2805 1981 2882 2059 8(
2932 1995 3306 2058 motorum
3351 1999 3373 2054 τ
3448 1974 3697 2055 anima
3764 1971 3972 2053 enim

2398 2109 2658 2163 omnes
2699 2082 3187 2185 ,operationes
3279 2079 3436 2161 suas
3523 2075 3755 2156 efficit
3839 2097 3971 2177 pet·

2397 2186 2553 2263 snas
2607 2182 3011 2283 potentias,
3064 2182 3256 2260 unde
3291 2180 3665 2259 mediante
3718 2193 3974 2278 poten-

2402 2288 2506 2365 tia
2560 2300 2818 2364 movet
2868 2305 3132 2379 corpus
3162 2335 3191 2377 ‚
3240 2281 3314 2359 8(
3362 2281 3599 2360 adhuc
3636 2280 3977 2358 membra

2400 2384 2775 2463 mediante
2844 2383 3102 2483 spiritu
3144 2434 3173 2476 ‚
3237 2380 3312 2460 8(
3381 2380 3687 2458 ulterius
3739 2400 3975 2459 unum

2400 2507 2763 2584 organum
2837 2482 3211 2560 mediante
3276 2478 3430 2559 alio
3478 2505 3565 2558 or
3614 2498 3760 2556 ano
3792 2534 3813 2555 .
3874 2484 3968 2558 h

2400 2588 2528 2666 via
2601 2603 2852 2663 autem
2926 2581 3425 2684 generationis
3476 2581 3549 2658 di
3707 2579 3978 2658 1tiones

2403 2689 2496 2766 ad
2569 2686 2884 2764 formam
2972 2685 3389 2785 praecedunt
3476 2678 3796 2784 formam
3887 2678 3972 2757 in

2401 2788 2756 2882 materia,
2810 2784 3153 2888 quamvis
3201 2782 3339 2863 sint
3505 2780 3833 2873 steriores
3889 2780 3974 2860 in

2401 2892 2722 2971 essendo:
2779 2892 2975 2969 unde
3025 2887 3099 2967 8(
3170 2886 3375 2986 dispo
3402 2884 3666 2964 itiones
3715 2907 3975 2981 corpo-

2398 2993 2501 3072 ris
2538 3048 2562 3086 ,
2667 2992 2882 3073 uibus
2930 2990 3019 3069 fit
3070 2988 3454 3093 proprium
3508 2980 3971 3085 perfessibile

2399 3093 2564 3173 talis
2647 3117 2871 3170 ormae
2906 3146 2934 3187 ‚
2988 3090 3131 3169 hoc
3203 3088 3433 3171 modo
3484 3086 3771 3186 possunt
3820 3084 3974 3166 dici

2351 3224 2358 3228 ⁷
2397 3194 2657 3274 mediae
2711 3192 2904 3275 inter
2956 3191 3292 3272 animam
3341 3188 3415 3267 8(
3463 3212 3770 3288 corpus.

2671 3344 2725 3408 c
2810 3347 2872 3409 A
2963 3343 3010 3406 Ρ
3095 3328 3302 3407 υ’τ
3431 3340 3704 3405 Lxxn.

2496 3476 2672 3564 Quod
2711 3479 2912 3541 anima
2947 3475 3020 3553 fit
3061 3496 3182 3538 rota
3221 3476 3282 3548 ἔνι
3336 3495 3449 3539 toto
3471 3517 3491 3551 ,
3554 3469 3635 3536 Φ·
3673 3491 3793 3536 ma
3828 3469 3894 3535 in

2945 3555 3195 3640 qualibet
3227 3573 3389 3638 parte
3425 3598 3442 3617 .

2663 3682 2715 3739 1.
2776 3680 2940 3741 Pare.
2999 3672 3183 3760 quest.
3241 3673 3449 3738 lxxvt.
3516 3692 3628 3735 are.
3670 3672 3733 3734 8.

2578 3802 2682 3881 Er
2734 3801 2990 3879 eadem
3054 3811 3310 3873 autem
3358 3792 3639 3873 ostendi
3695 3790 3972 3890 potest,

2620 3902 2949 3980 animam
3005 3914 3236 3976 totam
3295 3894 3372 3971 in
3445 3911 3612 3974 toto
3672 3915 3975 3995 corpore

2407 4004 2544 4083 efle
2581 4057 2607 4099 ‚
2657 4005 2731 4081 8(
2783 4012 3027 4079 totum
3106 3996 3190 4074 in
3256 3995 3553 4095 fingulis
3608 3996 3975 4097 partibus.

697 4111 941 4209 ‚quod
993 4112 1324 4191 medium
1375 4114 1568 4214 quafi
1625 4115 1961 4193 animam
2012 4109 2305 4211 corpori
2410 4106 2733 4204 Oportet
2829 4100 3035 4177 enim
3122 4099 3502 4215 proprium
3578 4097 3826 4213 actum
3898 4097 3976 4173 in

740 4211 1048 4307 uniens,
1100 4214 1217 4291 vel
1252 4215 1751 4313 phantasmata
1787 4268 1819 4311 ‚
1892 4214 2071 4294 ficut
2124 4211 2309 4291 dicit
2410 4205 2707 4308 proprio
2760 4199 3206 4301 perfefflibni
3258 4202 3396 4278 esse
3429 4256 3452 4279 .
3525 4204 3806 4278 Anima
3855 4220 3979 4275 au-

735 4313 1163 4403 Averroes:‚
1215 4314 1334 4392 vel
1385 4318 1752 4419 potentias
1804 4314 2023 4416 ipfius
2052 4369 2076 4410 ‚
2129 4310 2310 4390 ficut
2409 4326 2562 4385 tem
2613 4305 2713 4384 est
2766 4302 2969 4383 afius
3017 4302 3345 4402 corporis
3387 4300 3775 4400 organici,
3828 4320 3982 4377 non
4077 4342 4084 4347 ·

735 4411 1044 4513 quidam
1097 4415 1353 4497 dicunt
1392 4448 1429 4519 ,·
1505 4421 1624 4498 vel
1677 4418 1909 4498 etiam
1965 4414 2303 4514 spiritum
2403 4432 2591 4487 unus
2659 4405 2918 4506 organi
2988 4422 3283 4483 tantum
3328 4459 3348 4480 .
3421 4401 3548 4481 Est
3623 4401 3849 4504 igitur
3902 4398 3984 4479 in

737 4516 1196 4614 corporalem
1233 4573 1262 4616 ,
1336 4519 1517 4601 ficut
1567 4521 1695 4599 alii
1750 4519 2144 4599 dixerunt.
2198 4514 2303 4592 Ο-
2406 4527 2571 4591 toto
2636 4532 2941 4608 corpore
2978 4561 3005 4602 ‚
3076 4505 3150 4584 8(
3220 4529 3374 4584 non
3443 4504 3524 4582 in
3577 4530 3726 4584 una
3780 4518 3986 4602 parte

736 4614 1050 4699 fiensum
1110 4620 1212 4698 est
1266 4622 1470 4699 enim
1522 4623 1720 4734 quod
1773 4620 2025 4700 anima
2078 4615 2312 4695 utitur
2417 4625 2708 4692 tantum
2778 4609 3171 4688 secundum
3242 4603 3448 4685 suam
3534 4604 3909 4684 essentiam
3952 4653 3986 4702 ,

737 4722 1030 4820 corpori
1084 4741 1165 4801 ut
1219 4720 1455 4800 forma
1510 4749 1718 4822 ejus:
1775 4722 2014 4803 sorma
2062 4737 2317 4798 autem
2419 4714 2811 4794 secundum
2867 4735 3094 4811 quam
3148 4706 3244 4787 est
3315 4707 3553 4786 forma
3606 4705 3981 4807 corporis.

735 4824 991 4905 unitur
1042 4824 1363 4903 materiae
1418 4823 1686 4923 absque
1754 4826 1962 4904 omni
2021 4823 2311 4901 medio:
2416 4816 2537 4897 Sic
2605 4834 2854 4893 autem
2928 4811 3178 4890 anima
3268 4807 3368 4889 est
3447 4808 3686 4886 forma
3755 4807 3986 4888 totius

730 4948 865 5028 per
941 4925 1013 5023 se
1084 4923 1292 5003 enim
1366 4924 1741 5026 competit·
1807 4923 2061 5005 sormae
2114 4923 2318 5028 quod
2414 4918 2741 5041 corporis
2777 4971 2804 5014 ‚
2873 4915 3074 5017 quod
3123 4911 3223 4994 est
3275 4910 3506 4991 etiam
3556 4908 3794 4991 forma
3845 4907 3981 4987 fin·

782 5184 820 5246 ζ
845 5185 907 5248 ι)
975 5187 1247 5255 augustini
1286 5171 1458 5248 tex'fut
1492 5206 1595 5248 non
1628 5205 1742 5245 cun
1771 5172 1926 5259 [001⁸
1960 5223 1981 5243 .
