4597 5696
702 369 787 431 84

714 483 1056 587 tingens,
1107 489 1260 587 ejus
1313 490 1661 572 effectum
1711 494 2271 593 contingentem

714 607 1000 687 oportet
1050 593 1190 670 effe
1242 648 1271 690 ‚
1346 592 1631 672 etiamst
1702 594 1913 673 causa
1989 612 2272 675 remota

713 693 1103 770 neceflaria
1183 691 1331 786 fit3
1401 692 1580 773 ficut
1630 695 1894 796 plantae
1949 721 2102 775 non
2151 721 2274 775 ne-

714 791 1015 871 cessario
1066 792 1507 874 frustificant
1545 849 1572 892 ‚
1641 795 1979 897 quamvis
2032 811 2276 875 motus

716 891 908 1008 §olis
976 892 1063 972 fit
1114 897 1537 975 necessarius
1581 951 1609 993 ,
1676 916 1971 998 propter
2038 898 2280 976 causas

722 996 1196 1076 intermedias
1224 997 1740 1097 contingentes
1757 1057 1777 1076 .
1813 998 2135 1078 Scientia
2160 1024 2276 1076 au·

722 1112 880 1171 tem
938 1097 1085 1175 Dei
1156 1097 1294 1179 etfi.
1364 1097 1451 1176 fit
1501 1099 1708 1177 causa
1778 1124 2021 1178 rerum
2076 1100 2279 1178 scita-

727 1218 894 1270 rum
946 1222 1075 1297 per
1111 1199 1342 1299 ipsam
1383 1254 1412 1296 .,
1464 1200 1564 1278 est
1617 1220 1868 1278 tamen
1915 1200 2122 1279 causa
2174 1225 2278 1276 re-

731 1313 941 1373 mota
1012 1299 1115 1395 (a)
1184 1308 1446 1376 earum
1477 1356 1497 1374 .
1594 1300 1828 1397 Igitur
1899 1300 2292 1379 neceffitati

733 1394 1081 1475 scitorum
1135 1400 1643 1498 contingentia
1679 1422 2287 1500 nonfrepugnant,

732 1506 908 1610 'cum
954 1499 1340 1598 contingat
1365 1500 1604 1578 causas
1625 1500 2092 1580 intermedias
2119 1525 2289 1581 con-

731 1610 1105 1695 tingentes
1157 1602 1337 1677 ess'e.
2031 1616 2040 1625 '

839 1704 908 1775 6.
968 1703 1159 1778 Item
1199 1758 1218 1777 .
1300 1701 1618 1781 Scientia
1687 1702 1834 1783 Dei
1909 1727 2083 1781 vera
2135 1727 2291 1780 non

732 1785 951 1893 esset,
1002 1816 1078 1878 et
1129 1798 1448 1900 perfeRa
1486 1857 1512 1896 ,
1565 1802 1615 1880 fi
1668 1829 1820 1882 non
1874 1803 2014 1882 hoc
2067 1804 2291 1881 modo

733 1923 846 1978 res
900 1900 1283 1981 evenirent
1334 1902 1511 1983 ficut
1563 1908 1764 1983 Deus
1826 1930 1944 1983 eas
1996 1904 2292 1983 evenire

731 2001 1142 2107 cognoscit.
1201 2008 1403 2082 Deus
1452 2021 1699 2082 autem
1736 2060 1762 2097 ‚
1813 2031 1986 2084 cum
2040 2005 2123 2083 fit
2174 2031 2291 2082 co-

733 2101 1000 2200 gnitor,
1062 2102 1284 2181 totius
1338 2105 1478 2182 effe
1528 2158 1556 2200 ,
1625 2103 1826 2201 cujus
1877 2104 1975 2181 est
2031 2105 2292 2202 princi-

731 2200 992 2302 pium,
1043 2202 1418 2298 cognoscit
1469 2228 2071 2301 unumquemque
2124 2202 2292 2280 effe-

733 2298 942 2377 Rum
1015 2323 1167 2378 non
1220 2301 1461 2380 solum
1528 2301 1611 2379 in
1660 2303 1809 2396 se‚,
1878 2303 1997 2379 sed
2066 2301 2292 2379 etiam

689 2398 824 2477 ‘in
896 2399 1151 2478 ordine
1229 2403 1321 2480 ad
1388 2401 1750 2501 quaslibet
1819 2402 1971 2481 suas
2049 2402 2292 2480 causas

735 2500 1110 2602 proximas
1128 2559 1148 2579 .
1197 2503 1409 2585 Ordo
1436 2522 1682 2582 autem
1706 2503 2298 2604 contingentium

743 2603 836 2680 ad
888 2600 1043 2682 suas
1121 2603 1362 2684 causas
1427 2605 1796 2705 proximas
1847 2604 1944 2683 est
1996 2621 2079 2687 ut
2127 2627 2296 2682 con·

737 2702 1116 2801 tingenter
1165 2730 1257 2785 ex
1311 2706 1416 2784 eis
1467 2705 1955 2804 proveniant.
2008 2708 2301 2804 Cogno-

741 2802 878 2882 scit
932 2803 1156 2904 igitur
1210 2809 1411 2886 Deus
1476 2806 1722 2909 aliqua
1772 2806 2071 2886 evenire
2107 2861 2134 2902 ‚
2223 2818 2301 2884 et

738 2903 1257 3003 contingenter
1288 2908 1605 2987 evenire:
1636 2908 1728 2988 fic
1759 2908 1985 3006 igitur
2034 2906 2302 2988 divinae

742 3001 1059 3083 scientiae
1112 3007 1519 3103 certitudo,
1567 3025 1642 3086 et
1690 3008 1957 3086 veritas
1979 3060 2007 3103 ,
2056 3030 2302 3087 rerum

741 3103 1339 3204 contingentiam
1392 3131 1547 3185 non
1598 3106 1797 3187 tollit
1822 3165 1842 3184 .

747 3239 754 3244 ·
850 3206 1057 3283 Patet
1110 3205 1337 3304 igitur
1386 3231 1476 3284 ex
1524 3206 1737 3288 diffis
1774 3211 2147 3309 quomodo
2174 3211 2304 3289 ob-

747 3302 976 3402 jeffio
1024 3307 1543 3407 cognitionum
1591 3309 2181 3409 contingentium
2221 3311 2304 3390 in

744 3406 925 3483 'Deo
974 3430 1387 3585 repugnans
1455 3408 1539 3487 fit
1605 3409 2069 3508 repellenda:
2149 3436 2317 3491 non2

753 3507 961 3583 enim
1030 3533 1127 3607 po
1186 3508 1507 3587 eriorum
1576 3511 1892 3591 variatio
1941 3510 2307 3612 prioribus

747 3607 1323 3687 variabilitatem
1393 3610 1673 3689 inducit
1699 3666 1727 3704 .,
1800 3638 1973 3692 curn
2024 3613 2309 3692 contin·

747 3723 877 3806 gat
930 3732 1020 3785 ex
1069 3711 1292 3788 caufls
1368 3711 1775 3790 necessariis
1825 3712 2081 3811 primis
2133 3712 2302 3790 effe-

751 3805 914 3884 c‘tus
964 3806 1268 3887 ultimos
1314 3812 1825 3909 contingenter
1857 3812 2251 3911 producere
2274 3868 2297 3887 .

749 3906 904 3986 Res
957 3925 1206 3984 autem
1274 3934 1320 3984 a
1376 3914 1540 3990 Deo
1589 3912 1781 3990 scitae
1827 3963 1856 4007 ‚
1927 3935 2081 3990 non
2132 3912 2297 3991 sunt

746 4004 1027 4109 priores
1078 4005 1230 4106 ejus
1251 4069 1261 4076 .
1282 4008 1581 4092 scientia
1621 4065 1649 4107 ,
1700 4011 1876 4091 ficut
1927 4013 2116 4111 apud
2165 4037 2302 4093 nos

745 4102 922 4199 estt,
1012 4106 1137 4214 sed
1206 4108 1369 4189 sunt
1436 4136 1525 4190 ea
1600 4112 2057 4211 posteriores:
2147 4140 2302 4193 non

738 4208 954 4298 anim
1009 4209 1367 4311 sequitur,
1418 4211 1470 4293 fi
1526 4213 1602 4292 id
1640 4217 1837 4316 quod
1887 4214 1986 4293 est
2037 4239 2082 4292 a
2133 4219 2308 4296 Deo

749 4307 1016 4423 scitum
1035 4312 1300 4390 variari
1339 4314 1615 4429 potest,
1669 4317 1866 4415 quod
1900 4315 2050 4415 ejus
2080 4315 2304 4396 scien-

747 4426 857 4487 tia
926 4411 1139 4525 poffit
1207 4411 1363 4491 falh
1398 4469 1427 4511 ‚
1506 4417 1629 4493 vel
1679 4416 2308 4517 qualitercumque

749 4510 1018 4590 variari
1053 4567 1073 4585 .
1127 4515 1535 4593 Secundum
1587 4519 2042 4616 consequens»
2079 4515 2310 4616 igitur

747 4612 1161 4712 decipimur
1192 4633 1226 4687 .“
1267 4615 1407 4694 Sed
1458 4616 1633 4713 quia
1682 4617 1934 4726 nostra,
1969 4618 2305 4718 cognitio

741 4719 999 4790 rerum
1047 4711 1522 4792 variabilium
1539 4718 1911 4799 variabilis
1961 4720 2058 4799 est
2076 4774 2103 4815 ‚
2143 4744 2305 4820 pro-

748 4826 912 4913 pter
962 4813 1111 4895 hoc.
1157 4815 1242 4893 in
1294 4814 1507 4906 omni
1541 4818 1966 4915 cognitione
2018 4821 2159 4902 hoc
2183 4847 2309 4900 ne-

752 4981 1230 5144 ffi‘.

2370 4853 2373 4858 ⁴
2409 4819 2531 4902 tur
2576 4820 2818 4966 sedite
2843 4873 2873 4922 ‚
2920 4823 3195 4901 necesse
3238 4822 3353 4948 5st
3398 4820 3706 4932 sedere:
3744 4835 3962 4924 =patet

1362 380 2129 450 nfievERITA‘rE
2187 352 2907 457 cArHochE
2967 387 3280 457 1=1n131

2371 489 2671 570 cessario
2721 491 3071 587 accidere,
3098 488 3432 592 putatur.=
3826 528 3831 533 ·

2479 591 2754 670 Rursus
2791 646 2819 687 ‚
2868 618 3101 693 quum
3152 593 3468 688 dicitur,
3521 593 3720 672 Deus
3773 593 3933 689 scit,

2376 690 2499 770 vel
2541 691 2752 771 scivit
2773 693 2913 773 hoc
2932 691 3304 789 futurum3
3355 692 3683 771 medium
3757 697 3929 774 uod-

2379 793 2550 872 dam
2624 793 2980 894 accipitur
3049 795 3239 873 inter
3309 792 3642 872 divinam
3740 795 3933 873 cien-

2383 893 2568 971 tiam
2619 908 2696 973 et
2747 919 2905 972 rem
2957 895 3263 990 scitam,
3323 892 3597 973 scilicet
3649 911 3938 995 tempus

2383 996 2463 1071 in
2514 1018 2664 1093 quo
2713 994 2814 1073 est
2865 995 3192 1092 locutio,
3243 992 3568 1094 respeffiu
3618 993 3820 1093 cujus
3859 997 3939 1077 id

2379 1096 2577 1194 quod
2628 1121 2672 1175 a
2724 1100 2893 1174 Deo
2931 1096 3190 1175 scitum
3234 1095 3543 1192 dicitur,
3594 1094 3692 1172 est
3746 1093 3938 1176 futu·

2382 1221 2586 1288 rum3
2638 1221 2790 1274 non
2820 1215 3069 1275 autem
3087 1195 3407 1297 respeE‘tu
3427 1196 3694 1275 divinae
3720 1195 3941 1275 scien-

2397 1296 2515 1375 tiae
2569 1295 2667 1373 est
2720 1295 3047 1377 futurum
3089 1323 3347 1399 ‚1quae
3422 1297 3504 1374 in
3556 1300 3943 1377 momento

2396 1397 2815 1478 aeternitatis
2884 1398 3190 1479 existens
3230 1453 3259 1495 ‚
3328 1399 3420 1477 ad
3469 1398 3721 1475 omnia
3773 1422 3951 1497 Ρη,

2394 1497 2795 1587 sentialiter·
2861 1499 2932 1577 se
2983 1500 3245 1592 habet3
3316 1497 3659 1598 respec'tux
3693 1499 3945 1596 cujus,

2393 1598 2448 1675 fi
2504 1618 2789 1699 tempus
2854 1599 3248 1680 locutionis
3317 1600 3406 1678 de
3475 1600 3722 1676 medio
3791 1598 3948 1679 sub-

2391 1699 2757 1795 trahatur,
2806 1726 2959 1778 non
3010 1700 3114 1779 est
3164 1700 3403 1779 dicere
3456 1699 3597 1777 hoc
3652 1699 3789 1777 esse
3826 1724 3948 1780 co·

2390 1801 2684 1899 gnitum
2722 1854 2747 1894 ‚
2813 1801 3012 1901 quafi
3081 1827 3232 1880 non
3301 1799 3606 1880 existens
3633 1855 3662 1894 ‚
3712 1819 3793 1879 ut
3843 1802 3949 1880 lo·

2393 1927 2567 1980 cum
2617 1902 2882 1980 habeat
2929 1902 3228 2002 quaestio
3263 1957 3291 1999 ,
3362 1927 3509 2002 qua
3559 1901 3950 2001 quaeritur,

2395 2003 2753 2103 anpossit
2804 2028 2954 2082 non
3005 2007 3196 2096 efle3
3249 2003 3366 2081 sed
3419 2004 3510 2081 fic
3561 2003 3954 2101 cognitum

2396 2102 2752 2181 diceretur
2801 2130 2845 2180 a
2900 2106 3066 2181 Deo
3117 2101 3368 2198 utjam
3420 2102 3505 2178 in
3552 2101 3675 2178 sua
3726 2105 3957 2182 effen-

2397 2203 2500 2277 tia
2550 2202 2787 2278 visum
2827 2228 2845 2277 :
2915 2226 3067 2298 quo
3132 2200 3365 2299 posito
3416 2225 3568 2279 non
3616 2217 3951 2281 remanet

2396 2299 2748 2396 praediuae
2801 2300 3175 2399 quaestioni
3229 2300 3475 2379 locus:
3528 2299 3703 2400 quia
3753 2303 3955 2400 quod

2396 2399 2547 2498 jam
2600 2398 2745 2492 est,
2825 2426 2977 2479 non
3028 2396 3260 2502 potest
3309 2417 3669 2501 quantum
3721 2402 3812 2479 ad
3863 2402 3952 2479 il-

2399 2501 2527 2582 lud
2580 2499 2851 2579 instans
2903 2525 3053 2580 non
3090 2503 3267 2579 effe.
3323 2500 3687 2602 Deceptio
3726 2502 3956 2601 igitur

2374 2601 2661 2709 ‘accidit
2733 2624 2824 2681 ex
2873 2602 3014 2680 hoc
3064 2603 3261 2702 quod
3312 2618 3597 2700 tempus
3666 2602 3747 2681 in
3800 2628 3953 2702 quo

2400 2702 2773 2803 loquimur
2806 2757 2834 2799 ,
2898 2701 3233 2797 coexistit
3298 2701 3749 2797 aeternitati3
3826 2702 3954 2783 vel

2399 2804 2627 2885 etiam
2678 2818 2967 2904 tempus
3016 2804 3463 2906 praeterituni
3503 2858 3533 2897 ,
3584 2806 3781 2903 quod
3831 2806 3952 2884 de·

2402 2905 2720 3007 fignatur
2792 2931 2966 2985 cum
3034 2905 3301 2984 dicitur
3336 2960 3364 3002 ,
3437 2909 3637 2983 Deus
3708 2904 3954 2986 scivit.

2404 3008 2626 3087 Unde
2708 3006 3059 3086 habitudo
3130 3005 3479 3107 temporis
3561 3006 3958 3104 praeteriti,

2400 3107 2523 3186 vel
2573 3107 2939 3207 praesentis
2988 3109 3080 3188 ad
3130 3107 3459 3187 futurum
3478 3159 3513 3202 ,
3558 3107 3950 3187 aeternitati

2402 3208 2823 3288 attribuitur
2859 3234 2884 3304 ς
2970 3211 3166 3310 quod
3252 3207 3568 3287 omnino
3655 3207 3727 3287 ei
3797 3233 3951 3298 non

2398 3310 2815 3410 competit:
2891 3325 2966 3388 et
3016 3334 3108 3389 ex
3176 3309 3317 3389 hoc
3388 3308 3654 3394 accidit
3702 3306 3949 3390 secun-

2403 3412 2585 3491 dum
2629 3409 2962 3492 accidens
3014 3409 3170 3490 salli
3188 3470 3207 3488 .

2507 3515 2902 3608 Praeterea‘,
2956 3511 3002 3590 fi
3060 3513 3487 3609 unumquod
3543 3535 3633 3588 ue
3683 3536 3728 3588 a
3780 3512 3951 3587 Deo

2408 3614 2868 3712 cognoscitur
2920 3611 3097 3690 ficut
3123 3611 3498 3710 praesentia
3530 3612 3668 3687 iter
3685 3608 3951 3706 visum,

2408 3711 2504 3790 fic
2553 3712 3025 3790 neceffarium
3080 3712 3219 3789 erit
3299 3710 3437 3786 effe
3500 3712 3698 3808 quod
3750 3712 3952 3788 Deus

2399 3811 2831 3909 cognoscit3
2884 3809 3060 3889 ficut
3111 3808 3582 3888 necessarium
3634 3807 3736 3887 est
3787 3811 3952 3891 Sor-

2401 3926 2557 4000 tem
2632 3910 2872 3991 sedere
2943 3935 3033 3988 ex
3107 3909 3247 3988 hoc
3297 3909 3496 4012 quod
3548 3909 3788 3991 sedere
3837 3911 3951 3989 vi·

2402 4011 2612 4092 detur
2647 4067 2666 4088 .
2740 4015 2908 4091 Hoc
2978 4027 3225 4089 autem
3276 4034 3425 4092 non
3480 4011 3954 4104 necessarium

2404 4112 2502 4192 est
2554 4112 2879 4198 absolute
2915 4168 2941 4207 ,
2990 4110 3195 4190 velut
3243 4139 3287 4191 a
3392 4112 3774 4193 uibusdam
3845 4113 3952 4191 di-

2402 4214 2592 4294 citur
2627 4268 2654 4311 ‚
2724 4214 3131 4298 necestitate
3202 4138 3711 4313 consequentis
3749 4271 3776 4312 ‚
3829 4214 3951 4297 sed
4088 4240 4119 4272 ·

2404 4314 2534 4393 sub
2583 4315 3048 4412 conditione,
3098 4316 3220 4392 vel
3250 4315 3661 4396 necestitate
3710 4317 3955 4397 conse-

2405 4415 2758 4517 quentiae:
2835 4416 2988 4496 haec
3039 4415 3243 4516 enim
3293 4417 3809 4498 conditionalis
3855 4415 3971 4497 est.

2409 4517 2836 4597 necessaria:
2890 4519 2970 4600 Si
3022 4518 3315 4598 videtur
3367 4518 3656 4615 sedere,
3711 4520 3954 4600 sedet:
4042 4595 4049 4598 ,

2404 4620 2596 4698 unde
2646 4618 2772 4697 etsi
2804 4617 3321 4712 conditionalis
3361 4621 3439 4697 in
3467 4620 3956 4719 categoricam
4025 4692 4031 4698 ,

2406 4716 2918 4817 transferatur,
2967 4736 3051 4799 ut
3073 4782 3081 4802 .,
3100 4720 3431 4802 dicatur:
3487 4721 3712 4820 Quod
3760 4722 3964 4802 vide-
