<?xml version="1.0" encoding="UTF-8"?>
<!DOCTYPE html PUBLIC "-//W3C//DTD XHTML 1.0 Transitional//EN"
    "http://www.w3.org/TR/xhtml1/DTD/xhtml1-transitional.dtd">
<html xmlns="http://www.w3.org/1999/xhtml" xml:lang="en" lang="en">
 <head>
  <title>
</title>
<meta http-equiv="Content-Type" content="text/html;charset=utf-8" />
  <meta name='ocr-system' content='tesseract 3.04.00' />
  <meta name='ocr-capabilities' content='ocr_page ocr_carea ocr_par ocr_line ocrx_word'/>
</head>
<body>
  <div class='ocr_page' id='page_1' title='image "./summacontragent00aqugoog_0162.png"; bbox 0 0 4597 5696; ppageno 0'>
   <div class='ocr_carea' id='block_1_1' title="bbox 563 395 3268 481">
    <p class='ocr_par' dir='ltr' id='par_1_1' title="bbox 563 395 3268 481">
     <span class='ocr_line' id='line_1_1' title="bbox 563 395 3268 481; baseline 0.007 -28"><span class='ocrx_word' id='word_1_1' title='bbox 563 439 567 442; x_wconf 76' lang='grc'><em>.</em></span> <span class='ocrx_word' id='word_1_2' title='bbox 671 408 787 457; x_wconf 74' lang='lat'>122</span> <span class='ocrx_word' id='word_1_3' title='bbox 1319 398 1457 465; x_wconf 79' lang='lat' dir='ltr'>DE</span> <span class='ocrx_word' id='word_1_4' title='bbox 1517 395 2096 468; x_wconf 62' lang='lat' dir='ltr'>VERWATE</span> <span class='ocrx_word' id='word_1_5' title='bbox 2154 396 2896 480; x_wconf 68' lang='lat' dir='ltr'>cATfloLchE</span> <span class='ocrx_word' id='word_1_6' title='bbox 2946 401 3268 481; x_wconf 67' lang='lat' dir='ltr'>mum„</span> 
     </span>
    </p>
   </div>
   <div class='ocr_carea' id='block_1_2' title="bbox 580 499 4017 1324">
    <p class='ocr_par' dir='ltr' id='par_1_2' title="bbox 580 499 4017 1324">
     <span class='ocr_line' id='line_1_2' title="bbox 667 499 3905 606; baseline 0.005 -24"><span class='ocrx_word' id='word_1_7' title='bbox 667 505 749 587; x_wconf 90' lang='lat' dir='ltr'>lo</span> <span class='ocrx_word' id='word_1_8' title='bbox 800 508 1028 586; x_wconf 85' lang='lat' dir='ltr'>modo</span> <span class='ocrx_word' id='word_1_9' title='bbox 1074 499 1162 584; x_wconf 78' lang='lat' dir='ltr'>fit</span> <span class='ocrx_word' id='word_1_10' title='bbox 1188 503 1270 583; x_wconf 84' lang='lat' dir='ltr'>in</span> <span class='ocrx_word' id='word_1_11' title='bbox 1321 507 1703 606; x_wconf 85' lang='lat' dir='ltr'>potentia,</span> <span class='ocrx_word' id='word_1_12' title='bbox 1753 525 1839 587; x_wconf 86' lang='lat' dir='ltr'>ut</span> <span class='ocrx_word' id='word_1_13' title='bbox 1879 506 2241 586; x_wconf 84' lang='lat' dir='ltr'>ostensum</span> <span class='ocrx_word' id='word_1_14' title='bbox 2345 511 2584 591; x_wconf 80' lang='lat' dir='ltr'>titudo</span> <span class='ocrx_word' id='word_1_15' title='bbox 2633 507 2982 589; x_wconf 82' lang='lat' dir='ltr'>etiabom</span> <span class='ocrx_word' id='word_1_16' title='bbox 3046 511 3416 592; x_wconf 84' lang='lat' dir='ltr'>summum</span> <span class='ocrx_word' id='word_1_17' title='bbox 3443 533 3626 597; x_wconf 81' lang='lat' dir='ltr'>num</span> <span class='ocrx_word' id='word_1_18' title='bbox 3673 515 3905 598; x_wconf 78' lang='lat' dir='ltr'>oflen-</span> 
     </span>
     <span class='ocr_line' id='line_1_3' title="bbox 677 607 3902 714; baseline 0.004 -27"><span class='ocrx_word' id='word_1_19' title='bbox 677 609 778 687; x_wconf 85' lang='lat' dir='ltr'>est</span> <span class='ocrx_word' id='word_1_20' title='bbox 848 608 875 706; x_wconf 95' lang='lat'>(</span> <span class='ocrx_word' id='word_1_21' title='bbox 926 630 1078 708; x_wconf 85' lang='lat' dir='ltr'>cap.</span> <span class='ocrx_word' id='word_1_22' title='bbox 1132 631 1304 686; x_wconf 78' lang='lat' dir='ltr'>xvr.</span> <span class='ocrx_word' id='word_1_23' title='bbox 1356 608 1391 706; x_wconf 91' lang='lat'><em>)</em></span> <span class='ocrx_word' id='word_1_24' title='bbox 1474 607 1711 707; x_wconf 85' lang='lat' dir='ltr'>Igitur</span> <span class='ocrx_word' id='word_1_25' title='bbox 1787 629 1936 687; x_wconf 88' lang='lat' dir='ltr'>non</span> <span class='ocrx_word' id='word_1_26' title='bbox 2010 609 2243 710; x_wconf 85' lang='lat' dir='ltr'>potest</span> <span class='ocrx_word' id='word_1_27' title='bbox 2341 613 2541 692; x_wconf 86' lang='lat' dir='ltr'>ditur</span> <span class='ocrx_word' id='word_1_28' title='bbox 2588 609 2732 688; x_wconf 74' lang='lat' dir='ltr'>effe</span> <span class='ocrx_word' id='word_1_29' title='bbox 2796 634 2891 691; x_wconf 80' lang='lat' dir='ltr'>ex</span> <span class='ocrx_word' id='word_1_30' title='bbox 2939 612 3081 692; x_wconf 78' lang='lat' dir='ltr'>hoc</span> <span class='ocrx_word' id='word_1_31' title='bbox 3148 615 3349 714; x_wconf 90' lang='lat' dir='ltr'>quod</span> <span class='ocrx_word' id='word_1_32' title='bbox 3424 614 3525 692; x_wconf 87' lang='lat' dir='ltr'>est</span> <span class='ocrx_word' id='word_1_33' title='bbox 3582 618 3902 700; x_wconf 74' lang='lat' dir='ltr'>ultimus</span> 
     </span>
     <span class='ocr_line' id='line_1_4' title="bbox 673 706 3899 812; baseline 0.004 -26"><span class='ocrx_word' id='word_1_34' title='bbox 673 707 869 786; x_wconf 78' lang='lat' dir='ltr'>velie</span> <span class='ocrx_word' id='word_1_35' title='bbox 923 708 992 785; x_wconf 92' lang='lat' dir='ltr'>se</span> <span class='ocrx_word' id='word_1_36' title='bbox 1046 706 1311 786; x_wconf 85' lang='lat' dir='ltr'>habere</span> <span class='ocrx_word' id='word_1_37' title='bbox 1335 711 1710 808; x_wconf 81' lang='lat' dir='ltr'>quod&#39;non</span> <span class='ocrx_word' id='word_1_38' title='bbox 1761 709 2000 790; x_wconf 87' lang='lat' dir='ltr'>habet.</span> <span class='ocrx_word' id='word_1_39' title='bbox 2017 712 2246 812; x_wconf 82' lang='lat' dir='ltr'>Quic-</span> <span class='ocrx_word' id='word_1_40' title='bbox 2345 713 2555 793; x_wconf 85' lang='lat' dir='ltr'>finis.</span> <span class='ocrx_word' id='word_1_41' title='bbox 2611 713 2820 811; x_wconf 59' lang='lat' dir='ltr'>Ergo⁴</span> <span class='ocrx_word' id='word_1_42' title='bbox 2866 712 3244 796; x_wconf 85' lang='lat' dir='ltr'>beatitudo</span> <span class='ocrx_word' id='word_1_43' title='bbox 3273 768 3305 810; x_wconf 85' lang='lat'>,</span> <span class='ocrx_word' id='word_1_44' title='bbox 3352 731 3432 794; x_wconf 77' lang='lat' dir='ltr'>et</span> <span class='ocrx_word' id='word_1_45' title='bbox 3481 720 3680 796; x_wconf 83' lang='lat' dir='ltr'>Deus</span> <span class='ocrx_word' id='word_1_46' title='bbox 3733 721 3899 801; x_wconf 73' lang='lat' dir='ltr'>sunt</span> 
     </span>
     <span class='ocr_line' id='line_1_5' title="bbox 662 807 3901 922; baseline 0.005 -36"><span class='ocrx_word' id='word_1_47' title='bbox 662 807 854 922; x_wconf 79' lang='lat' dir='ltr'>quid</span> <span class='ocrx_word' id='word_1_48' title='bbox 898 809 1126 909; x_wconf 85' lang='lat' dir='ltr'>igitur</span> <span class='ocrx_word' id='word_1_49' title='bbox 1175 809 1378 903; x_wconf 89' lang='lat' dir='ltr'>vult,</span> <span class='ocrx_word' id='word_1_50' title='bbox 1432 810 1657 890; x_wconf 86' lang='lat' dir='ltr'>babet</span> <span class='ocrx_word' id='word_1_51' title='bbox 1701 838 1728 906; x_wconf 79' lang='lat'><em>3</em></span> <span class='ocrx_word' id='word_1_52' title='bbox 1777 835 1915 890; x_wconf 88' lang='lat' dir='ltr'>nec</span> <span class='ocrx_word' id='word_1_53' title='bbox 1966 812 2247 913; x_wconf 87' lang='lat' dir='ltr'>aliquid</span> <span class='ocrx_word' id='word_1_54' title='bbox 2346 815 2588 895; x_wconf 84' lang='lat' dir='ltr'>idem:</span> <span class='ocrx_word' id='word_1_55' title='bbox 2642 811 2745 891; x_wconf 87' lang='lat' dir='ltr'>est</span> <span class='ocrx_word' id='word_1_56' title='bbox 2796 813 3029 915; x_wconf 79' lang='lat' dir='ltr'>igitur</span> <span class='ocrx_word' id='word_1_57' title='bbox 3077 820 3282 896; x_wconf 76' lang='lat' dir='ltr'>Deus</span> <span class='ocrx_word' id='word_1_58' title='bbox 3322 817 3459 897; x_wconf 83' lang='lat' dir='ltr'>sua</span> <span class='ocrx_word' id='word_1_59' title='bbox 3509 820 3901 902; x_wconf 78' lang='lat' dir='ltr'><strong>beatitudo.</strong></span> 
     </span>
     <span class='ocr_line' id='line_1_6' title="bbox 658 909 3579 1011; baseline 0.002 -21"><span class='ocrx_word' id='word_1_60' title='bbox 658 909 861 990; x_wconf 71' lang='lat' dir='ltr'>‚mah</span> <span class='ocrx_word' id='word_1_61' title='bbox 896 909 1108 1005; x_wconf 82' lang='lat' dir='ltr'>vult,</span> <span class='ocrx_word' id='word_1_62' title='bbox 1143 927 1226 991; x_wconf 86' lang='lat' dir='ltr'>ut</span> <span class='ocrx_word' id='word_1_63' title='bbox 1281 911 1359 989; x_wconf 88' lang='lat' dir='ltr'>su</span> <span class='ocrx_word' id='word_1_64' title='bbox 1410 936 1488 991; x_wconf 88' lang='lat' dir='ltr'>ra</span> <span class='ocrx_word' id='word_1_65' title='bbox 1537 911 1900 992; x_wconf 80' lang='lat' dir='ltr'>ostensum</span> <span class='ocrx_word' id='word_1_66' title='bbox 1950 911 2246 992; x_wconf 84' lang='lat' dir='ltr'>est.Est</span> <span class='ocrx_word' id='word_1_67' title='bbox 2669 945 2725 1010; x_wconf 81' lang='lat' dir='ltr'><strong>c</strong></span> <span class='ocrx_word' id='word_1_68' title='bbox 2808 945 2871 1008; x_wconf 75' lang='lat' dir='ltr'>A</span> <span class='ocrx_word' id='word_1_69' title='bbox 2955 944 3004 1009; x_wconf 85' lang='lat' dir='ltr'>p</span> <span class='ocrx_word' id='word_1_70' title='bbox 3091 947 3152 1011; x_wconf 77' lang='grc' dir='ltr'><em>υ</em></span> <span class='ocrx_word' id='word_1_71' title='bbox 3239 944 3302 1008; x_wconf 83' lang='grc' dir='ltr'>τ</span> <span class='ocrx_word' id='word_1_72' title='bbox 3424 942 3579 1010; x_wconf 77' lang='lat'>011.</span> 
     </span>
     <span class='ocr_line' id='line_1_7' title="bbox 678 1009 3970 1124; baseline 0.001 -36"><span class='ocrx_word' id='word_1_73' title='bbox 678 1009 908 1109; x_wconf 84' lang='lat' dir='ltr'>igitur</span> <span class='ocrx_word' id='word_1_74' title='bbox 959 1013 1208 1090; x_wconf 77' lang='lat' dir='ltr'>beatus</span> <span class='ocrx_word' id='word_1_75' title='bbox 1244 1067 1272 1107; x_wconf 68' lang='lat'>9</span> <span class='ocrx_word' id='word_1_76' title='bbox 1353 1016 1715 1093; x_wconf 74' lang='lat' dir='ltr'>ecundum</span> <span class='ocrx_word' id='word_1_77' title='bbox 1764 1016 1963 1116; x_wconf 78' lang='lat' dir='ltr'>quod</span> <span class='ocrx_word' id='word_1_78' title='bbox 2010 1040 2055 1093; x_wconf 75' lang='lat' dir='ltr'>a</span> <span class='ocrx_word' id='word_1_79' title='bbox 2134 1015 2242 1096; x_wconf 72' lang='lat' dir='ltr'>ui·</span> <span class='ocrx_word' id='word_1_80' title='bbox 2343 1026 2522 1116; x_wconf 67' lang='lat' dir='ltr'>Quod</span> <span class='ocrx_word' id='word_1_81' title='bbox 2554 1027 2765 1092; x_wconf 74' lang='lat' dir='ltr'>divina</span> <span class='ocrx_word' id='word_1_82' title='bbox 2801 1025 3081 1122; x_wconf 49' lang='lat' dir='ltr'>&amp;aiendo</span> <span class='ocrx_word' id='word_1_83' title='bbox 3102 1025 3490 1124; x_wconf 65' lang='lat' dir='ltr'>pnsefflffima</span> <span class='ocrx_word' id='word_1_84' title='bbox 3514 1025 3620 1119; x_wconf 53' lang='lat' dir='ltr'>est,</span> <span class='ocrx_word' id='word_1_85' title='bbox 3662 1046 3917 1090; x_wconf 59' lang='lat' dir='ltr'>arneto·-</span> <span class='ocrx_word' id='word_1_86' title='bbox 3966 1097 3970 1102; x_wconf 49' lang='grc'><em>,</em></span> 
     </span>
     <span class='ocr_line' id='line_1_8' title="bbox 580 1040 4017 1216; baseline 0.003 -31"><span class='ocrx_word' id='word_1_87' title='bbox 580 1127 585 1132; x_wconf 91' lang='grc'>·</span> <span class='ocrx_word' id='word_1_88' title='bbox 654 1111 990 1188; x_wconf 80' lang='lat' dir='ltr'>busdam</span> <span class='ocrx_word' id='word_1_89' title='bbox 1028 1115 1277 1192; x_wconf 87' lang='lat' dir='ltr'>beatus</span> <span class='ocrx_word' id='word_1_90' title='bbox 1325 1115 1467 1193; x_wconf 78' lang='lat' dir='ltr'>effe</span> <span class='ocrx_word' id='word_1_91' title='bbox 1486 1117 1904 1216; x_wconf 83' lang='lat' dir='ltr'>perhibetur</span> <span class='ocrx_word' id='word_1_92' title='bbox 1954 1040 2247 1216; x_wconf 49' lang='lat' dir='ltr'>quitin-</span> <span class='ocrx_word' id='word_1_93' title='bbox 2601 1131 2707 1193; x_wconf 59' lang='grc' dir='ltr'>μ’</span> <span class='ocrx_word' id='word_1_94' title='bbox 2745 1111 2925 1168; x_wconf 62' lang='lat'><strong><em>⁴¹¹⁶·</em></strong></span> <span class='ocrx_word' id='word_1_95' title='bbox 2961 1106 3362 1171; x_wconf 51' lang='lat' dir='ltr'>&amp;mmmm</span> <span class='ocrx_word' id='word_1_96' title='bbox 3400 1107 3612 1170; x_wconf 58' lang='lat' dir='ltr'>‘&#39;md“</span> <span class='ocrx_word' id='word_1_97' title='bbox 3627 1149 3666 1179; x_wconf 89' lang='lat'>·-</span> <span class='ocrx_word' id='word_1_98' title='bbox 4014 1155 4017 1158; x_wconf 43' lang='lat'><strong>⁴</strong></span> 
     </span>
     <span class='ocr_line' id='line_1_9' title="bbox 681 1185 3749 1324; baseline 0.005 -37"><span class='ocrx_word' id='word_1_99' title='bbox 681 1212 1393 1324; x_wconf 83' lang='lat' dir='ltr'>betquiequidvult‚</span> <span class='ocrx_word' id='word_1_100' title='bbox 1442 1218 1516 1294; x_wconf 63' lang='grc' dir='ltr'>ει</span> <span class='ocrx_word' id='word_1_101' title='bbox 1569 1217 1758 1295; x_wconf 65' lang='lat' dir='ltr'>nihii</span> <span class='ocrx_word' id='word_1_102' title='bbox 1809 1216 1991 1295; x_wconf 73' lang='lat' dir='ltr'>mali</span> <span class='ocrx_word' id='word_1_103' title='bbox 2040 1217 2243 1298; x_wconf 78' lang='lat' dir='ltr'>vult.</span> <span class='ocrx_word' id='word_1_104' title='bbox 2643 1191 2710 1249; x_wconf 62' lang='lat'>¹⁶</span> <span class='ocrx_word' id='word_1_105' title='bbox 2740 1187 2906 1249; x_wconf 65' lang='lat' dir='ltr'>pm.</span> <span class='ocrx_word' id='word_1_106' title='bbox 2949 1185 3133 1270; x_wconf 63' lang='grc' dir='ltr'>Μ’·</span> <span class='ocrx_word' id='word_1_107' title='bbox 3176 1206 3358 1251; x_wconf 67' lang='lat'>¹²⁰³·</span> <span class='ocrx_word' id='word_1_108' title='bbox 3402 1208 3514 1251; x_wconf 69' lang='lat'>‘&#39;³-</span> <span class='ocrx_word' id='word_1_109' title='bbox 3553 1207 3617 1264; x_wconf 75' lang='lat'>4·</span> <span class='ocrx_word' id='word_1_110' title='bbox 3742 1251 3749 1266; x_wconf 94' lang='lat'>·</span> 
     </span>
    </p>
   </div>
   <div class='ocr_carea' id='block_1_3' title="bbox 677 1315 3910 2002">
    <p class='ocr_par' dir='ltr' id='par_1_3' title="bbox 677 1315 3910 1717">
     <span class='ocr_line' id='line_1_10' title="bbox 786 1315 3910 1410; baseline 0.002 -21"><span class='ocrx_word' id='word_1_111' title='bbox 786 1315 965 1410; x_wconf 64' lang='lat' dir='ltr'>Ejus</span> <span class='ocrx_word' id='word_1_112' title='bbox 1002 1334 1249 1392; x_wconf 84' lang='lat' dir='ltr'>autem</span> <span class='ocrx_word' id='word_1_113' title='bbox 1279 1316 1810 1396; x_wconf 82' lang='lat' dir='ltr'>beatitudinem</span> <span class='ocrx_word' id='word_1_114' title='bbox 1847 1318 2043 1395; x_wconf 88' lang='lat' dir='ltr'>sacra</span> <span class='ocrx_word' id='word_1_115' title='bbox 2061 1321 2244 1397; x_wconf 88' lang='lat' dir='ltr'>Scri·</span> <span class='ocrx_word' id='word_1_116' title='bbox 3430 1316 3690 1397; x_wconf 78' lang='lat' dir='ltr'>emiffis</span> <span class='ocrx_word' id='word_1_117' title='bbox 3737 1333 3910 1396; x_wconf 82' lang='lat' dir='ltr'>eon-&#39;-</span> 
     </span>
     <span class='ocr_line' id='line_1_11' title="bbox 679 1412 3909 1532; baseline 0.003 -44"><span class='ocrx_word' id='word_1_118' title='bbox 679 1428 892 1510; x_wconf 82' lang='lat' dir='ltr'>ptura</span> <span class='ocrx_word' id='word_1_119' title='bbox 920 1412 1348 1511; x_wconf 85' lang='lat' dir='ltr'>protestatur</span> <span class='ocrx_word' id='word_1_120' title='bbox 1371 1420 1453 1529; x_wconf 38' lang='lat'>1..</span> <span class='ocrx_word' id='word_1_121' title='bbox 1480 1416 1688 1495; x_wconf 85' lang='lat' dir='ltr'><strong>Tim.</strong></span> <span class='ocrx_word' id='word_1_122' title='bbox 1712 1419 1851 1532; x_wconf 40' lang='lat' dir='ltr'>ult..</span> <span class='ocrx_word' id='word_1_123' title='bbox 1870 1444 1899 1494; x_wconf 90' lang='lat'>1</span> <span class='ocrx_word' id='word_1_124' title='bbox 1917 1443 1981 1515; x_wconf 80' lang='grc' dir='ltr'>ς.</span> <span class='ocrx_word' id='word_1_125' title='bbox 2007 1428 2244 1519; x_wconf 75' lang='lat' dir='ltr'>,Quem</span> <span class='ocrx_word' id='word_1_126' title='bbox 3430 1419 3751 1498; x_wconf 79' lang='lat' dir='ltr'>titudinis</span> <span class='ocrx_word' id='word_1_127' title='bbox 3802 1421 3909 1499; x_wconf 80' lang='lat' dir='ltr'>di-</span> 
     </span>
     <span class='ocr_line' id='line_1_12' title="bbox 677 1508 3816 1717; baseline 0.003 -27"><span class='ocrx_word' id='word_1_128' title='bbox 677 1508 1039 1692; x_wconf 57' lang='lat' dir='ltr'>isZsde»</span> <span class='ocrx_word' id='word_1_129' title='bbox 1073 1519 1284 1712; x_wconf 59' lang='lat'>25:53</span> <span class='ocrx_word' id='word_1_130' title='bbox 1319 1515 2041 1717; x_wconf 57' lang='lat' dir='ltr'>{Zssini‘mp⁰&#39;¹⁶“&#39;&#39;</span> <span class='ocrx_word' id='word_1_131' title='bbox 2091 1522 2244 1603; x_wconf 76' lang='lat'>‘&#39;⁶¹&#39;‘</span> <span class='ocrx_word' id='word_1_132' title='bbox 3481 1643 3516 1698; x_wconf 66' lang='lat'>1-</span> <span class='ocrx_word' id='word_1_133' title='bbox 3618 1620 3635 1637; x_wconf 94' lang='lat'><strong>·</strong></span> <span class='ocrx_word' id='word_1_134' title='bbox 3799 1620 3816 1637; x_wconf 94' lang='lat'><strong>·</strong></span> 
     </span>
    </p>

    <p class='ocr_par' dir='ltr' id='par_1_4' title="bbox 863 1645 3909 2002">
     <span class='ocr_line' id='line_1_13' title="bbox 863 1645 3909 1813; baseline -0.001 0"><span class='ocrx_word' id='word_1_135' title='bbox 863 1665 1901 1813; x_wconf 56' lang='lat' dir='ltr'>&#39;omui-01.</span> <span class='ocrx_word' id='word_1_136' title='bbox 3430 1645 3909 1801; x_wconf 58' lang='lat' dir='ltr'>ffiffi</span> 
     </span>
     <span class='ocr_line' id='line_1_14' title="bbox 1000 1822 3909 1924; baseline 0.003 -33"><span class='ocrx_word' id='word_1_137' title='bbox 1000 1828 1176 1914; x_wconf 71' lang='lat' dir='ltr'>Quod</span> <span class='ocrx_word' id='word_1_138' title='bbox 1214 1829 1371 1889; x_wconf 71' lang='lat' dir='ltr'>Deus</span> <span class='ocrx_word' id='word_1_139' title='bbox 1404 1825 1479 1901; x_wconf 74' lang='lat' dir='ltr'>fit</span> <span class='ocrx_word' id='word_1_140' title='bbox 1505 1825 1618 1903; x_wconf 75' lang='lat' dir='ltr'>sua</span> <span class='ocrx_word' id='word_1_141' title='bbox 1655 1822 1938 1887; x_wconf 63' lang='lat' dir='ltr'>bonirad-</span> <span class='ocrx_word' id='word_1_142' title='bbox 1952 1871 1973 1891; x_wconf 86' lang='lat'><strong>.</strong></span> <span class='ocrx_word' id='word_1_143' title='bbox 3456 1839 3750 1924; x_wconf 73' lang='lat' dir='ltr'>propter</span> <span class='ocrx_word' id='word_1_144' title='bbox 3779 1822 3909 1903; x_wconf 76' lang='lat' dir='ltr'>ali-</span> 
     </span>
     <span class='ocr_line' id='line_1_15' title="bbox 871 1904 3905 2002; baseline 0 -29"><span class='ocrx_word' id='word_1_145' title='bbox 871 1916 925 1974; x_wconf 86' lang='lat'>1.</span> <span class='ocrx_word' id='word_1_146' title='bbox 970 1914 1133 1972; x_wconf 73' lang='lat' dir='ltr'>Pm.</span> <span class='ocrx_word' id='word_1_147' title='bbox 1178 1904 1362 1989; x_wconf 71' lang='lat' dir='ltr'>quest.</span> <span class='ocrx_word' id='word_1_148' title='bbox 1405 1905 1574 1969; x_wconf 75' lang='lat'>111¹.</span> <span class='ocrx_word' id='word_1_149' title='bbox 1614 1924 1724 1970; x_wconf 77' lang='lat' dir='ltr'>an.</span> <span class='ocrx_word' id='word_1_150' title='bbox 1769 1927 1825 1967; x_wconf 70' lang='grc' dir='ltr'>π..</span> <span class='ocrx_word' id='word_1_151' title='bbox 1867 1905 1947 1967; x_wconf 81' lang='lat' dir='ltr'>ad</span> <span class='ocrx_word' id='word_1_152' title='bbox 1992 1926 2045 1969; x_wconf 80' lang='grc' dir='ltr'>ι.</span> <span class='ocrx_word' id='word_1_153' title='bbox 3491 1925 3905 2002; x_wconf 62' lang='lat' dir='ltr'>obtinendz</span> 
     </span>
    </p>
   </div>
   <div class='ocr_carea' id='block_1_4' title="bbox 643 2025 3909 2340">
    <p class='ocr_par' dir='ltr' id='par_1_5' title="bbox 643 2025 3909 2340">
     <span class='ocr_line' id='line_1_16' title="bbox 852 2025 3909 2126; baseline -0.002 -18"><span class='ocrx_word' id='word_1_154' title='bbox 852 2029 915 2107; x_wconf 81' lang='lat' dir='ltr'>X</span> <span class='ocrx_word' id='word_1_155' title='bbox 975 2031 1089 2108; x_wconf 75' lang='lat' dir='ltr'>his</span> <span class='ocrx_word' id='word_1_156' title='bbox 1139 2043 1391 2106; x_wconf 75' lang='lat' dir='ltr'>autem</span> <span class='ocrx_word' id='word_1_157' title='bbox 1443 2041 1740 2125; x_wconf 71' lang='lat' dir='ltr'>apparet</span> <span class='ocrx_word' id='word_1_158' title='bbox 1789 2031 1986 2126; x_wconf 81' lang='lat' dir='ltr'>quod</span> <span class='ocrx_word' id='word_1_159' title='bbox 2039 2033 2243 2110; x_wconf 72' lang='lat' dir='ltr'>Deus</span> <span class='ocrx_word' id='word_1_160' title='bbox 2348 2063 2599 2105; x_wconf 59' lang='lat' dir='ltr'>oratus</span> <span class='ocrx_word' id='word_1_161' title='bbox 2648 2063 2931 2104; x_wconf 74' lang='lat' dir='ltr'>meatur</span> <span class='ocrx_word' id='word_1_162' title='bbox 2954 2081 2982 2119; x_wconf 87' lang='lat'>‚</span> <span class='ocrx_word' id='word_1_163' title='bbox 3032 2063 3241 2105; x_wconf 77' lang='lat' dir='ltr'>nuno</span> <span class='ocrx_word' id='word_1_164' title='bbox 3289 2028 3518 2107; x_wconf 77' lang='lat' dir='ltr'>modo</span> <span class='ocrx_word' id='word_1_165' title='bbox 3568 2025 3692 2102; x_wconf 75' lang='lat' dir='ltr'>sua</span> <span class='ocrx_word' id='word_1_166' title='bbox 3744 2028 3909 2104; x_wconf 78' lang='lat' dir='ltr'>bea·</span> 
     </span>
     <span class='ocr_line' id='line_1_17' title="bbox 896 2124 3906 2226; baseline -0 -21"><span class='ocrx_word' id='word_1_167' title='bbox 896 2127 986 2206; x_wconf 82' lang='lat' dir='ltr'>fit</span> <span class='ocrx_word' id='word_1_168' title='bbox 1038 2129 1158 2205; x_wconf 87' lang='lat' dir='ltr'>sua</span> <span class='ocrx_word' id='word_1_169' title='bbox 1212 2128 1589 2204; x_wconf 80' lang='lat' dir='ltr'>beatitudo</span> <span class='ocrx_word' id='word_1_170' title='bbox 1612 2181 1632 2201; x_wconf 90' lang='lat'><strong>.</strong></span> <span class='ocrx_word' id='word_1_171' title='bbox 2345 2125 2589 2204; x_wconf 89' lang='lat' dir='ltr'>titudo</span> <span class='ocrx_word' id='word_1_172' title='bbox 2680 2142 3141 2226; x_wconf 87' lang='lat' dir='ltr'>comparatur</span> <span class='ocrx_word' id='word_1_173' title='bbox 3209 2124 3367 2219; x_wconf 82' lang='lat' dir='ltr'>ejus</span> <span class='ocrx_word' id='word_1_174' title='bbox 3463 2126 3906 2205; x_wconf 86' lang='lat' dir='ltr'>beatitudini</span> 
     </span>
     <span class='ocr_line' id='line_1_18' title="bbox 643 2223 3908 2340; baseline 0 -36"><span class='ocrx_word' id='word_1_175' title='bbox 643 2257 654 2293; x_wconf 83' lang='lat'>:</span> <span class='ocrx_word' id='word_1_176' title='bbox 802 2255 868 2304; x_wconf 87' lang='lat'>1.</span> <span class='ocrx_word' id='word_1_177' title='bbox 920 2227 1306 2305; x_wconf 87' lang='lat' dir='ltr'>Beatitudo</span> <span class='ocrx_word' id='word_1_178' title='bbox 1354 2225 1560 2302; x_wconf 86' lang='lat' dir='ltr'>enim</span> <span class='ocrx_word' id='word_1_179' title='bbox 1611 2225 1764 2320; x_wconf 86' lang='lat' dir='ltr'>ejus</span> <span class='ocrx_word' id='word_1_180' title='bbox 1814 2223 1915 2301; x_wconf 87' lang='lat' dir='ltr'>est</span> <span class='ocrx_word' id='word_1_181' title='bbox 1968 2226 2242 2307; x_wconf 57' lang='lat' dir='ltr'>intelle</span> <span class='ocrx_word' id='word_1_182' title='bbox 2345 2224 2477 2340; x_wconf 77' lang='lat' dir='ltr'>qui</span> <span class='ocrx_word' id='word_1_183' title='bbox 2529 2248 2696 2301; x_wconf 89' lang='lat' dir='ltr'>eam</span> <span class='ocrx_word' id='word_1_184' title='bbox 2727 2224 2877 2317; x_wconf 79' lang='lat' dir='ltr'>jam</span> <span class='ocrx_word' id='word_1_185' title='bbox 2897 2223 3063 2302; x_wconf 57' lang='lat' dir='ltr'>aequ</span> <span class='ocrx_word' id='word_1_186' title='bbox 3097 2226 3516 2323; x_wconf 79' lang='lat' dir='ltr'>consecutus</span> <span class='ocrx_word' id='word_1_187' title='bbox 3545 2224 3682 2301; x_wconf 80' lang='lat' dir='ltr'>est.</span> <span class='ocrx_word' id='word_1_188' title='bbox 3736 2230 3908 2304; x_wconf 87' lang='lat' dir='ltr'>Pro·</span> 
     </span>
    </p>
   </div>
   <div class='ocr_carea' id='block_1_5' title="bbox 567 2323 2248 4539">
    <p class='ocr_par' dir='ltr' id='par_1_6' title="bbox 651 2323 2248 2810">
     <span class='ocr_line' id='line_1_19' title="bbox 692 2323 2246 2427; baseline -0.003 -18"><span class='ocrx_word' id='word_1_189' title='bbox 692 2326 957 2409; x_wconf 80' lang='lat' dir='ltr'>ctualis</span> <span class='ocrx_word' id='word_1_190' title='bbox 1009 2324 1339 2427; x_wconf 85' lang='lat' dir='ltr'>operatio</span> <span class='ocrx_word' id='word_1_191' title='bbox 1416 2323 1629 2424; x_wconf 48' lang='lat' dir='ltr'>ipsius</span> <span class='ocrx_word' id='word_1_192' title='bbox 1659 2377 1685 2418; x_wconf 89' lang='lat'>‚</span> <span class='ocrx_word' id='word_1_193' title='bbox 1754 2339 1838 2401; x_wconf 89' lang='lat' dir='ltr'>ut</span> <span class='ocrx_word' id='word_1_194' title='bbox 1887 2325 2246 2405; x_wconf 83' lang='lat' dir='ltr'>ostensum</span> 
     </span>
     <span class='ocr_line' id='line_1_20' title="bbox 685 2425 2248 2544; baseline -0.003 -36"><span class='ocrx_word' id='word_1_195' title='bbox 685 2429 868 2525; x_wconf 73' lang='lat' dir='ltr'>est(</span> <span class='ocrx_word' id='word_1_196' title='bbox 919 2450 1074 2528; x_wconf 84' lang='lat' dir='ltr'>cap.</span> <span class='ocrx_word' id='word_1_197' title='bbox 1125 2453 1186 2506; x_wconf 90' lang='lat' dir='ltr'>c.</span> <span class='ocrx_word' id='word_1_198' title='bbox 1239 2425 1269 2523; x_wconf 94' lang='lat'><em>)</em></span> <span class='ocrx_word' id='word_1_199' title='bbox 1335 2427 1565 2525; x_wconf 87' lang='lat' dir='ltr'>Supra</span> <span class='ocrx_word' id='word_1_200' title='bbox 1645 2441 1893 2539; x_wconf 74' lang='lat' dir='ltr'>autern</span> <span class='ocrx_word' id='word_1_201' title='bbox 1944 2425 2248 2544; x_wconf 54' lang='lat' dir='ltr'>ostendi:</span> 
     </span>
     <span class='ocr_line' id='line_1_21' title="bbox 651 2525 2246 2729; baseline -0.001 -20"><span class='ocrx_word' id='word_1_202' title='bbox 651 2525 2073 2744; x_wconf 46' lang='lat' dir='ltr'>·{affinitas-11²¹„240332211223‘332</span> <span class='ocrx_word' id='word_1_203' title='bbox 2097 2532 2246 2728; x_wconf 51' lang='grc' dir='ltr'>ἐξ</span> 
     </span>
     <span class='ocr_line' id='line_1_22' title="bbox 681 2730 1601 2810; baseline -0.005 -1"><span class='ocrx_word' id='word_1_204' title='bbox 681 2746 805 2810; x_wconf 83' lang='lat' dir='ltr'>tur</span> <span class='ocrx_word' id='word_1_205' title='bbox 856 2731 956 2808; x_wconf 88' lang='lat' dir='ltr'>est</span> <span class='ocrx_word' id='word_1_206' title='bbox 1011 2730 1130 2808; x_wconf 89' lang='lat' dir='ltr'>sua</span> <span class='ocrx_word' id='word_1_207' title='bbox 1181 2730 1601 2808; x_wconf 74' lang='lat' dir='ltr'>beatitudo·</span> 
     </span>
    </p>

    <p class='ocr_par' dir='ltr' id='par_1_7' title="bbox 567 2826 2243 3512">
     <span class='ocr_line' id='line_1_23' title="bbox 781 2826 2243 2926; baseline 0.002 -19"><span class='ocrx_word' id='word_1_208' title='bbox 781 2858 852 2907; x_wconf 78' lang='lat'>2..</span> <span class='ocrx_word' id='word_1_209' title='bbox 908 2836 1134 2909; x_wconf 86' lang='lat' dir='ltr'>Item.</span> <span class='ocrx_word' id='word_1_210' title='bbox 1188 2830 1578 2911; x_wconf 88' lang='lat' dir='ltr'>Beatitudo</span> <span class='ocrx_word' id='word_1_211' title='bbox 1609 2884 1638 2926; x_wconf 87' lang='lat'>‚</span> <span class='ocrx_word' id='word_1_212' title='bbox 1712 2854 1887 2911; x_wconf 88' lang='lat' dir='ltr'>cum</span> <span class='ocrx_word' id='word_1_213' title='bbox 1938 2826 2025 2910; x_wconf 84' lang='lat' dir='ltr'>sit</span> <span class='ocrx_word' id='word_1_214' title='bbox 2075 2826 2243 2910; x_wconf 84' lang='lat' dir='ltr'>ulti·</span> 
     </span>
     <span class='ocr_line' id='line_1_24' title="bbox 656 2930 2243 3030; baseline -0.002 -18"><span class='ocrx_word' id='word_1_215' title='bbox 656 2953 847 3012; x_wconf 83' lang='lat' dir='ltr'>-mus</span> <span class='ocrx_word' id='word_1_216' title='bbox 901 2930 1068 3008; x_wconf 87' lang='lat' dir='ltr'>finis</span> <span class='ocrx_word' id='word_1_217' title='bbox 1121 2985 1147 3024; x_wconf 86' lang='lat'>‚</span> <span class='ocrx_word' id='word_1_218' title='bbox 1215 2930 1316 3008; x_wconf 92' lang='lat' dir='ltr'>est</span> <span class='ocrx_word' id='word_1_219' title='bbox 1387 2931 1464 3007; x_wconf 90' lang='lat' dir='ltr'>id</span> <span class='ocrx_word' id='word_1_220' title='bbox 1513 2934 1709 3028; x_wconf 85' lang='lat' dir='ltr'>quod</span> <span class='ocrx_word' id='word_1_221' title='bbox 1757 2930 2071 3030; x_wconf 80' lang='lat' dir='ltr'>quilibet</span> <span class='ocrx_word' id='word_1_222' title='bbox 2115 2930 2243 3009; x_wconf 70' lang='lat' dir='ltr'>‘na-</span> 
     </span>
     <span class='ocr_line' id='line_1_25' title="bbox 662 3027 2240 3129; baseline 0.001 -21"><span class='ocrx_word' id='word_1_223' title='bbox 662 3048 796 3108; x_wconf 87' lang='lat' dir='ltr'>-tus</span> <span class='ocrx_word' id='word_1_224' title='bbox 847 3027 947 3107; x_wconf 86' lang='lat' dir='ltr'>est</span> <span class='ocrx_word' id='word_1_225' title='bbox 1000 3030 1266 3107; x_wconf 84' lang='lat' dir='ltr'>babere</span> <span class='ocrx_word' id='word_1_226' title='bbox 1312 3083 1337 3124; x_wconf 86' lang='lat'>‚</span> <span class='ocrx_word' id='word_1_227' title='bbox 1387 3029 1511 3106; x_wconf 89' lang='lat' dir='ltr'>vel</span> <span class='ocrx_word' id='word_1_228' title='bbox 1563 3032 1836 3108; x_wconf 88' lang='lat' dir='ltr'>habens</span> <span class='ocrx_word' id='word_1_229' title='bbox 1887 3030 2240 3129; x_wconf 86' lang='lat' dir='ltr'>principa-</span> 
     </span>
     <span class='ocr_line' id='line_1_26' title="bbox 567 3128 2242 3229; baseline 0.001 -22"><span class='ocrx_word' id='word_1_230' title='bbox 567 3182 568 3185; x_wconf 21' lang='lat'>*</span> <span class='ocrx_word' id='word_1_231' title='bbox 676 3128 856 3207; x_wconf 83' lang='lat' dir='ltr'>liter</span> <span class='ocrx_word' id='word_1_232' title='bbox 902 3130 1088 3208; x_wconf 87' lang='lat' dir='ltr'>vult.</span> <span class='ocrx_word' id='word_1_233' title='bbox 1144 3128 1536 3208; x_wconf 78' lang='lat' dir='ltr'>ostensum</span> <span class='ocrx_word' id='word_1_234' title='bbox 1585 3130 1684 3208; x_wconf 89' lang='lat' dir='ltr'>est</span> <span class='ocrx_word' id='word_1_235' title='bbox 1737 3146 1982 3209; x_wconf 85' lang='lat' dir='ltr'>autem</span> <span class='ocrx_word' id='word_1_236' title='bbox 2036 3131 2242 3229; x_wconf 89' lang='lat' dir='ltr'>supra</span> 
     </span>
     <span class='ocr_line' id='line_1_27' title="bbox 669 3230 2234 3330; baseline -0.002 -21"><span class='ocrx_word' id='word_1_237' title='bbox 669 3230 723 3327; x_wconf 58' lang='lat' dir='ltr'>s</span> <span class='ocrx_word' id='word_1_238' title='bbox 745 3254 912 3330; x_wconf 86' lang='lat' dir='ltr'>cap.</span> <span class='ocrx_word' id='word_1_239' title='bbox 965 3230 1209 3309; x_wconf 77' lang='lat' dir='ltr'>lxxrv.</span> <span class='ocrx_word' id='word_1_240' title='bbox 1263 3231 1296 3327; x_wconf 92' lang='lat'>)</span> <span class='ocrx_word' id='word_1_241' title='bbox 1359 3230 1556 3330; x_wconf 90' lang='lat' dir='ltr'>quod</span> <span class='ocrx_word' id='word_1_242' title='bbox 1626 3236 1827 3310; x_wconf 92' lang='lat' dir='ltr'>Deus</span> <span class='ocrx_word' id='word_1_243' title='bbox 1881 3230 2234 3329; x_wconf 87' lang='lat' dir='ltr'>principa·</span> 
     </span>
     <span class='ocr_line' id='line_1_28' title="bbox 670 3330 2233 3431; baseline 0 -22"><span class='ocrx_word' id='word_1_244' title='bbox 670 3330 849 3410; x_wconf 87' lang='lat' dir='ltr'>liter</span> <span class='ocrx_word' id='word_1_245' title='bbox 897 3332 1059 3411; x_wconf 87' lang='lat' dir='ltr'>vult</span> <span class='ocrx_word' id='word_1_246' title='bbox 1111 3332 1310 3409; x_wconf 87' lang='lat' dir='ltr'>suam</span> <span class='ocrx_word' id='word_1_247' title='bbox 1349 3331 1759 3409; x_wconf 75' lang='lat' dir='ltr'>essentiam.</span> <span class='ocrx_word' id='word_1_248' title='bbox 1810 3335 1956 3411; x_wconf 89' lang='lat' dir='ltr'>Sua</span> <span class='ocrx_word' id='word_1_249' title='bbox 2007 3330 2233 3431; x_wconf 85' lang='lat' dir='ltr'>igitur</span> 
     </span>
     <span class='ocr_line' id='line_1_29' title="bbox 666 3430 1773 3512; baseline -0.002 -1"><span class='ocrx_word' id='word_1_250' title='bbox 666 3431 977 3511; x_wconf 68' lang='lat' dir='ltr'>essentia</span> <span class='ocrx_word' id='word_1_251' title='bbox 1026 3430 1125 3510; x_wconf 87' lang='lat' dir='ltr'>est</span> <span class='ocrx_word' id='word_1_252' title='bbox 1178 3433 1301 3511; x_wconf 89' lang='lat' dir='ltr'>sua</span> <span class='ocrx_word' id='word_1_253' title='bbox 1352 3432 1729 3512; x_wconf 83' lang='lat' dir='ltr'>beatitudo</span> <span class='ocrx_word' id='word_1_254' title='bbox 1752 3488 1773 3509; x_wconf 89' lang='lat'><strong>.</strong></span> 
     </span>
    </p>

    <p class='ocr_par' dir='ltr' id='par_1_8' title="bbox 643 3531 2240 4539">
     <span class='ocr_line' id='line_1_30' title="bbox 836 3531 2230 3635; baseline 0 -26"><span class='ocrx_word' id='word_1_255' title='bbox 836 3589 854 3608; x_wconf 90' lang='lat'><strong>.</strong></span> <span class='ocrx_word' id='word_1_256' title='bbox 911 3533 1175 3611; x_wconf 87' lang='lat' dir='ltr'>Adhuc</span> <span class='ocrx_word' id='word_1_257' title='bbox 1211 3591 1229 3610; x_wconf 92' lang='lat'><strong>.</strong></span> <span class='ocrx_word' id='word_1_258' title='bbox 1305 3534 1818 3635; x_wconf 88' lang='lat' dir='ltr'>Unusquisque</span> <span class='ocrx_word' id='word_1_259' title='bbox 1872 3532 1951 3610; x_wconf 89' lang='lat' dir='ltr'>in</span> <span class='ocrx_word' id='word_1_260' title='bbox 2005 3531 2230 3611; x_wconf 89' lang='lat' dir='ltr'>beati·</span> 
     </span>
     <span class='ocr_line' id='line_1_31' title="bbox 672 3633 2234 3734; baseline -0.001 -26"><span class='ocrx_word' id='word_1_261' title='bbox 672 3644 762 3709; x_wconf 69' lang='lat' dir='ltr'>tu</span> <span class='ocrx_word' id='word_1_262' title='bbox 812 3633 1014 3709; x_wconf 88' lang='lat' dir='ltr'>inem</span> <span class='ocrx_word' id='word_1_263' title='bbox 1067 3634 1267 3711; x_wconf 89' lang='lat' dir='ltr'>suam</span> <span class='ocrx_word' id='word_1_264' title='bbox 1319 3634 1607 3713; x_wconf 85' lang='lat' dir='ltr'>ordinat</span> <span class='ocrx_word' id='word_1_265' title='bbox 1648 3634 2000 3734; x_wconf 87' lang='lat' dir='ltr'>quicquid</span> <span class='ocrx_word' id='word_1_266' title='bbox 2053 3633 2234 3712; x_wconf 88' lang='lat' dir='ltr'>vult:</span> 
     </span>
     <span class='ocr_line' id='line_1_32' title="bbox 681 3731 2239 3836; baseline 0.002 -27"><span class='ocrx_word' id='word_1_267' title='bbox 681 3731 834 3830; x_wconf 86' lang='lat' dir='ltr'>ipsa</span> <span class='ocrx_word' id='word_1_268' title='bbox 887 3731 1088 3808; x_wconf 88' lang='lat' dir='ltr'>enim</span> <span class='ocrx_word' id='word_1_269' title='bbox 1142 3733 1240 3810; x_wconf 83' lang='lat' dir='ltr'>est</span> <span class='ocrx_word' id='word_1_270' title='bbox 1290 3759 1449 3834; x_wconf 78' lang='lat' dir='ltr'>quae</span> <span class='ocrx_word' id='word_1_271' title='bbox 1504 3753 1799 3836; x_wconf 88' lang='lat' dir='ltr'>propter</span> <span class='ocrx_word' id='word_1_272' title='bbox 1838 3733 2035 3812; x_wconf 90' lang='lat' dir='ltr'>aliud</span> <span class='ocrx_word' id='word_1_273' title='bbox 2087 3758 2239 3812; x_wconf 89' lang='lat' dir='ltr'>non</span> 
     </span>
     <span class='ocr_line' id='line_1_33' title="bbox 680 3830 2240 3936; baseline 0 -27"><span class='ocrx_word' id='word_1_274' title='bbox 680 3830 1114 3909; x_wconf 74' lang='lat' dir='ltr'>desideratur</span> <span class='ocrx_word' id='word_1_275' title='bbox 1166 3885 1195 3927; x_wconf 90' lang='lat'>‚</span> <span class='ocrx_word' id='word_1_276' title='bbox 1266 3851 1341 3911; x_wconf 89' lang='lat' dir='ltr'>et</span> <span class='ocrx_word' id='word_1_277' title='bbox 1392 3837 1482 3913; x_wconf 84' lang='lat' dir='ltr'>ad</span> <span class='ocrx_word' id='word_1_278' title='bbox 1532 3860 1755 3936; x_wconf 89' lang='lat' dir='ltr'>quam</span> <span class='ocrx_word' id='word_1_279' title='bbox 1806 3833 2240 3914; x_wconf 88' lang='lat' dir='ltr'>terminatur</span> 
     </span>
     <span class='ocr_line' id='line_1_34' title="bbox 682 3931 2240 4036; baseline 0.003 -27"><span class='ocrx_word' id='word_1_280' title='bbox 682 3949 929 4011; x_wconf 85' lang='lat' dir='ltr'>motus</span> <span class='ocrx_word' id='word_1_281' title='bbox 978 3932 1306 4011; x_wconf 81' lang='lat' dir='ltr'>desiderii</span> <span class='ocrx_word' id='word_1_282' title='bbox 1379 3959 1609 4013; x_wconf 87' lang='lat' dir='ltr'>unum</span> <span class='ocrx_word' id='word_1_283' title='bbox 1729 3952 1972 4036; x_wconf 87' lang='lat' dir='ltr'>ropter</span> <span class='ocrx_word' id='word_1_284' title='bbox 2042 3931 2240 4013; x_wconf 57' lang='lat' dir='ltr'>aliud</span> 
     </span>
     <span class='ocr_line' id='line_1_35' title="bbox 676 4033 2239 4131; baseline 0 -18"><span class='ocrx_word' id='word_1_285' title='bbox 676 4033 1142 4114; x_wconf 82' lang='lat' dir='ltr'>desiderantis</span> <span class='ocrx_word' id='word_1_286' title='bbox 1189 4088 1219 4131; x_wconf 85' lang='lat'>‚</span> <span class='ocrx_word' id='word_1_287' title='bbox 1289 4061 1384 4112; x_wconf 91' lang='lat' dir='ltr'>ne</span> <span class='ocrx_word' id='word_1_288' title='bbox 1436 4036 1521 4115; x_wconf 85' lang='lat' dir='ltr'>fit</span> <span class='ocrx_word' id='word_1_289' title='bbox 1575 4037 1655 4115; x_wconf 86' lang='lat' dir='ltr'>in</span> <span class='ocrx_word' id='word_1_290' title='bbox 1708 4037 1905 4114; x_wconf 87' lang='lat' dir='ltr'>nitus</span> <span class='ocrx_word' id='word_1_291' title='bbox 1945 4090 1966 4111; x_wconf 88' lang='lat'><strong>.</strong></span> <span class='ocrx_word' id='word_1_292' title='bbox 2036 4039 2239 4115; x_wconf 85' lang='lat' dir='ltr'>Cum</span> 
     </span>
     <span class='ocr_line' id='line_1_36' title="bbox 643 4135 2240 4237; baseline 0.002 -26"><span class='ocrx_word' id='word_1_293' title='bbox 643 4135 913 4233; x_wconf 63' lang='lat' dir='ltr'>‹igitur</span> <span class='ocrx_word' id='word_1_294' title='bbox 944 4141 1163 4231; x_wconf 38' lang='lat' dir='ltr'>„Deus</span> <span class='ocrx_word' id='word_1_295' title='bbox 1216 4138 1473 4216; x_wconf 89' lang='lat' dir='ltr'>omnia</span> <span class='ocrx_word' id='word_1_296' title='bbox 1524 4139 1670 4216; x_wconf 85' lang='lat' dir='ltr'>alia</span> <span class='ocrx_word' id='word_1_297' title='bbox 1710 4138 1894 4215; x_wconf 88' lang='lat' dir='ltr'>velit</span> <span class='ocrx_word' id='word_1_298' title='bbox 1947 4156 2240 4237; x_wconf 78' lang='lat' dir='ltr'>propter</span> 
     </span>
     <span class='ocr_line' id='line_1_37' title="bbox 679 4236 2235 4339; baseline 0.003 -28"><span class='ocrx_word' id='word_1_299' title='bbox 679 4236 884 4312; x_wconf 77' lang='lat' dir='ltr'>snam</span> <span class='ocrx_word' id='word_1_300' title='bbox 928 4237 1343 4316; x_wconf 83' lang='lat' dir='ltr'>bonitatem</span> <span class='ocrx_word' id='word_1_301' title='bbox 1384 4295 1415 4337; x_wconf 86' lang='lat'><strong>‚</strong></span> <span class='ocrx_word' id='word_1_302' title='bbox 1480 4264 1642 4339; x_wconf 82' lang='lat' dir='ltr'>quae</span> <span class='ocrx_word' id='word_1_303' title='bbox 1694 4238 1794 4317; x_wconf 88' lang='lat' dir='ltr'>est</span> <span class='ocrx_word' id='word_1_304' title='bbox 1846 4238 1967 4317; x_wconf 87' lang='lat' dir='ltr'>sua</span> <span class='ocrx_word' id='word_1_305' title='bbox 2017 4240 2235 4315; x_wconf 87' lang='lat' dir='ltr'>essen-</span> 
     </span>
     <span class='ocr_line' id='line_1_38' title="bbox 682 4335 2238 4441; baseline 0.002 -27"><span class='ocrx_word' id='word_1_306' title='bbox 682 4335 789 4414; x_wconf 88' lang='lat' dir='ltr'>tia</span> <span class='ocrx_word' id='word_1_307' title='bbox 838 4388 866 4429; x_wconf 82' lang='lat'>,</span> <span class='ocrx_word' id='word_1_308' title='bbox 947 4356 1234 4436; x_wconf 87' lang='lat' dir='ltr'>oportet</span> <span class='ocrx_word' id='word_1_309' title='bbox 1283 4343 1482 4441; x_wconf 83' lang='lat' dir='ltr'>quod</span> <span class='ocrx_word' id='word_1_310' title='bbox 1535 4341 1711 4420; x_wconf 79' lang='lat' dir='ltr'>ficut</span> <span class='ocrx_word' id='word_1_311' title='bbox 1760 4340 1910 4440; x_wconf 84' lang='lat' dir='ltr'>ipse</span> <span class='ocrx_word' id='word_1_312' title='bbox 1962 4338 2062 4417; x_wconf 88' lang='lat' dir='ltr'>est</span> <span class='ocrx_word' id='word_1_313' title='bbox 2116 4339 2238 4417; x_wconf 89' lang='lat' dir='ltr'>sua</span> 
     </span>
     <span class='ocr_line' id='line_1_39' title="bbox 672 4435 2237 4539; baseline 0.003 -27"><span class='ocrx_word' id='word_1_314' title='bbox 672 4435 989 4532; x_wconf 68' lang='lat' dir='ltr'>essentia</span> <span class='ocrx_word' id='word_1_315' title='bbox 1017 4481 1058 4531; x_wconf 83' lang='lat'>·‚</span> <span class='ocrx_word' id='word_1_316' title='bbox 1108 4455 1184 4516; x_wconf 86' lang='lat' dir='ltr'>et</span> <span class='ocrx_word' id='word_1_317' title='bbox 1236 4440 1357 4519; x_wconf 89' lang='lat' dir='ltr'>sua</span> <span class='ocrx_word' id='word_1_318' title='bbox 1408 4442 1697 4522; x_wconf 80' lang='lat' dir='ltr'>bonitas</span> <span class='ocrx_word' id='word_1_319' title='bbox 1737 4496 1771 4539; x_wconf 82' lang='lat'>‚</span> <span class='ocrx_word' id='word_1_320' title='bbox 1823 4440 1926 4519; x_wconf 88' lang='lat' dir='ltr'>ita</span> <span class='ocrx_word' id='word_1_321' title='bbox 1978 4437 2065 4519; x_wconf 84' lang='lat' dir='ltr'>fit</span> <span class='ocrx_word' id='word_1_322' title='bbox 2117 4438 2237 4518; x_wconf 89' lang='lat' dir='ltr'>sua</span> 
     </span>
    </p>
   </div>
   <div class='ocr_carea' id='block_1_6' title="bbox 542 4532 1102 4617">
    <p class='ocr_par' dir='ltr' id='par_1_9' title="bbox 542 4532 1102 4617">
     <span class='ocr_line' id='line_1_40' title="bbox 542 4532 1102 4617; baseline 0.009 -8"><span class='ocrx_word' id='word_1_323' title='bbox 542 4580 560 4609; x_wconf 62' lang='lat'>0</span> <span class='ocrx_word' id='word_1_324' title='bbox 672 4532 1058 4617; x_wconf 80' lang='lat' dir='ltr'>beatitudo</span> <span class='ocrx_word' id='word_1_325' title='bbox 1081 4593 1102 4614; x_wconf 89' lang='lat'><strong>.</strong></span> 
     </span>
    </p>
   </div>
   <div class='ocr_carea' id='block_1_7' title="bbox 2324 2323 3985 3332">
    <p class='ocr_par' dir='ltr' id='par_1_10' title="bbox 2343 2323 3909 2726">
     <span class='ocr_line' id='line_1_41' title="bbox 2345 2323 3908 2424; baseline 0.002 -23"><span class='ocrx_word' id='word_1_326' title='bbox 2345 2324 2900 2424; x_wconf 81' lang='lat' dir='ltr'>pmquiffimum</span> <span class='ocrx_word' id='word_1_327' title='bbox 2984 2323 3086 2400; x_wconf 86' lang='lat' dir='ltr'>est</span> <span class='ocrx_word' id='word_1_328' title='bbox 3152 2341 3400 2403; x_wconf 90' lang='lat' dir='ltr'>autem</span> <span class='ocrx_word' id='word_1_329' title='bbox 3474 2325 3908 2405; x_wconf 85' lang='lat' dir='ltr'>beatitudini</span> 
     </span>
     <span class='ocr_line' id='line_1_42' title="bbox 2349 2421 3908 2524; baseline -0.001 -19"><span class='ocrx_word' id='word_1_330' title='bbox 2349 2427 2548 2522; x_wconf 88' lang='lat' dir='ltr'>quod</span> <span class='ocrx_word' id='word_1_331' title='bbox 2599 2421 2698 2502; x_wconf 86' lang='lat' dir='ltr'>est</span> <span class='ocrx_word' id='word_1_332' title='bbox 2728 2425 2879 2523; x_wconf 88' lang='lat' dir='ltr'>ipsa</span> <span class='ocrx_word' id='word_1_333' title='bbox 2899 2424 3318 2520; x_wconf 85' lang='lat' dir='ltr'>beatitudo,</span> <span class='ocrx_word' id='word_1_334' title='bbox 3370 2427 3572 2524; x_wconf 86' lang='lat' dir='ltr'>quod</span> <span class='ocrx_word' id='word_1_335' title='bbox 3619 2427 3708 2504; x_wconf 90' lang='lat' dir='ltr'>de</span> <span class='ocrx_word' id='word_1_336' title='bbox 3739 2430 3908 2505; x_wconf 91' lang='lat' dir='ltr'>Deo</span> 
     </span>
     <span class='ocr_line' id='line_1_43' title="bbox 2345 2521 3909 2628; baseline 0.002 -25"><span class='ocrx_word' id='word_1_337' title='bbox 2345 2523 2709 2604; x_wconf 89' lang='lat' dir='ltr'>ostensum</span> <span class='ocrx_word' id='word_1_338' title='bbox 2760 2521 2858 2602; x_wconf 83' lang='lat' dir='ltr'>est</span> <span class='ocrx_word' id='word_1_339' title='bbox 2910 2525 2938 2622; x_wconf 98' lang='lat'>(</span> <span class='ocrx_word' id='word_1_340' title='bbox 2990 2549 3144 2625; x_wconf 87' lang='lat' dir='ltr'>cap.</span> <span class='ocrx_word' id='word_1_341' title='bbox 3194 2550 3309 2603; x_wconf 89' lang='lat' dir='ltr'>c1.</span> <span class='ocrx_word' id='word_1_342' title='bbox 3364 2526 3393 2621; x_wconf 91' lang='lat'>)</span> <span class='ocrx_word' id='word_1_343' title='bbox 3465 2526 3628 2626; x_wconf 87' lang='lat' dir='ltr'>lpse</span> <span class='ocrx_word' id='word_1_344' title='bbox 3681 2526 3909 2628; x_wconf 84' lang='lat' dir='ltr'>igitur</span> 
     </span>
     <span class='ocr_line' id='line_1_44' title="bbox 2343 2623 3671 2726; baseline -0.002 -21"><span class='ocrx_word' id='word_1_345' title='bbox 2343 2623 2447 2705; x_wconf 87' lang='lat' dir='ltr'>est</span> <span class='ocrx_word' id='word_1_346' title='bbox 2496 2625 2955 2725; x_wconf 74' lang='lat' dir='ltr'>singulariter</span> <span class='ocrx_word' id='word_1_347' title='bbox 3001 2624 3323 2726; x_wconf 70' lang='lat' dir='ltr'>perfeEte</span> <span class='ocrx_word' id='word_1_348' title='bbox 3374 2629 3624 2707; x_wconf 80' lang='lat' dir='ltr'>beatus</span> <span class='ocrx_word' id='word_1_349' title='bbox 3652 2683 3671 2703; x_wconf 90' lang='lat'><strong>.</strong></span> 
     </span>
    </p>

    <p class='ocr_par' dir='ltr' id='par_1_11' title="bbox 2324 2724 3985 3332">
     <span class='ocr_line' id='line_1_45' title="bbox 2324 2724 3985 2821; baseline 0.002 -16"><span class='ocrx_word' id='word_1_350' title='bbox 2324 2775 2328 2782; x_wconf 93' lang='lat'><em>-</em></span> <span class='ocrx_word' id='word_1_351' title='bbox 2450 2753 2517 2805; x_wconf 84' lang='lat'>2.</span> <span class='ocrx_word' id='word_1_352' title='bbox 2577 2730 2772 2804; x_wconf 89' lang='lat' dir='ltr'>Item</span> <span class='ocrx_word' id='word_1_353' title='bbox 2811 2784 2830 2803; x_wconf 90' lang='lat'><strong>.</strong></span> <span class='ocrx_word' id='word_1_354' title='bbox 2883 2730 3080 2806; x_wconf 81' lang='lat' dir='ltr'>Cum</span> <span class='ocrx_word' id='word_1_355' title='bbox 3130 2724 3519 2806; x_wconf 55' lang='lat' dir='ltr'>delectatio</span> <span class='ocrx_word' id='word_1_356' title='bbox 3567 2753 3657 2819; x_wconf 75' lang='lat' dir='ltr'>ex</span> <span class='ocrx_word' id='word_1_357' title='bbox 3709 2751 3911 2821; x_wconf 87' lang='lat' dir='ltr'>amo·</span> <span class='ocrx_word' id='word_1_358' title='bbox 3976 2795 3985 2809; x_wconf 87' lang='lat'><strong>.</strong></span> 
     </span>
     <span class='ocr_line' id='line_1_46' title="bbox 2342 2827 3903 2930; baseline 0.001 -25"><span class='ocrx_word' id='word_1_359' title='bbox 2342 2848 2427 2905; x_wconf 77' lang='lat' dir='ltr'>re</span> <span class='ocrx_word' id='word_1_360' title='bbox 2472 2828 2800 2908; x_wconf 86' lang='lat' dir='ltr'>causetur</span> <span class='ocrx_word' id='word_1_361' title='bbox 2848 2881 2881 2921; x_wconf 81' lang='lat'>‚</span> <span class='ocrx_word' id='word_1_362' title='bbox 2941 2842 3023 2907; x_wconf 87' lang='lat' dir='ltr'>ut</span> <span class='ocrx_word' id='word_1_363' title='bbox 3073 2827 3440 2907; x_wconf 81' lang='lat' dir='ltr'>ostensum</span> <span class='ocrx_word' id='word_1_364' title='bbox 3513 2828 3614 2908; x_wconf 87' lang='lat' dir='ltr'>est</span> <span class='ocrx_word' id='word_1_365' title='bbox 3665 2829 3694 2926; x_wconf 89' lang='lat'>(</span> <span class='ocrx_word' id='word_1_366' title='bbox 3745 2854 3903 2930; x_wconf 84' lang='lat' dir='ltr'>cap.</span> 
     </span>
     <span class='ocr_line' id='line_1_47' title="bbox 2341 2927 3908 3027; baseline 0 -20"><span class='ocrx_word' id='word_1_367' title='bbox 2341 2954 2503 3007; x_wconf 78' lang='lat' dir='ltr'>xcx.</span> <span class='ocrx_word' id='word_1_368' title='bbox 2557 2928 2584 3025; x_wconf 95' lang='lat'><em>)</em></span> <span class='ocrx_word' id='word_1_369' title='bbox 2635 2929 2767 3007; x_wconf 80' lang='lat' dir='ltr'>ubi</span> <span class='ocrx_word' id='word_1_370' title='bbox 2816 2927 2916 3007; x_wconf 86' lang='lat' dir='ltr'>est</span> <span class='ocrx_word' id='word_1_371' title='bbox 2969 2928 3204 3025; x_wconf 75' lang='lat' dir='ltr'>major</span> <span class='ocrx_word' id='word_1_372' title='bbox 3255 2952 3462 3008; x_wconf 87' lang='lat' dir='ltr'>amor</span> <span class='ocrx_word' id='word_1_373' title='bbox 3516 2983 3544 3027; x_wconf 87' lang='lat'>‚</span> <span class='ocrx_word' id='word_1_374' title='bbox 3595 2928 3698 3009; x_wconf 87' lang='lat' dir='ltr'>est</span> <span class='ocrx_word' id='word_1_375' title='bbox 3750 2954 3908 3007; x_wconf 87' lang='lat' dir='ltr'>rna·</span> 
     </span>
     <span class='ocr_line' id='line_1_48' title="bbox 2342 3026 3906 3122; baseline 0.003 -18"><span class='ocrx_word' id='word_1_376' title='bbox 2342 3030 2455 3122; x_wconf 81' lang='lat' dir='ltr'>jor</span> <span class='ocrx_word' id='word_1_377' title='bbox 2503 3026 2894 3108; x_wconf 69' lang='lat' dir='ltr'>deIeG&#39;tatio</span> <span class='ocrx_word' id='word_1_378' title='bbox 2946 3029 3026 3118; x_wconf 83' lang='lat' dir='ltr'>in</span> <span class='ocrx_word' id='word_1_379' title='bbox 3077 3030 3589 3110; x_wconf 86' lang='lat' dir='ltr'>consecutione</span> <span class='ocrx_word' id='word_1_380' title='bbox 3640 3030 3906 3110; x_wconf 85' lang='lat' dir='ltr'>amati.</span> 
     </span>
     <span class='ocr_line' id='line_1_49' title="bbox 2337 3131 3899 3231; baseline 0.003 -24"><span class='ocrx_word' id='word_1_381' title='bbox 2337 3131 2477 3209; x_wconf 90' lang='lat' dir='ltr'>Sed</span> <span class='ocrx_word' id='word_1_382' title='bbox 2494 3131 3089 3229; x_wconf 64' lang='lat' dir='ltr'>unumquone,</span> <span class='ocrx_word' id='word_1_383' title='bbox 3108 3131 3373 3210; x_wconf 84' lang='lat' dir='ltr'>ceteris</span> <span class='ocrx_word' id='word_1_384' title='bbox 3393 3132 3713 3231; x_wconf 86' lang='lat' dir='ltr'>paribus,</span> <span class='ocrx_word' id='word_1_385' title='bbox 3737 3132 3899 3231; x_wconf 74' lang='lat' dir='ltr'>plus.</span> 
     </span>
     <span class='ocr_line' id='line_1_50' title="bbox 2337 3229 3902 3332; baseline 0.004 -25"><span class='ocrx_word' id='word_1_386' title='bbox 2337 3229 2410 3307; x_wconf 80' lang='lat' dir='ltr'>se</span> <span class='ocrx_word' id='word_1_387' title='bbox 2459 3249 2659 3309; x_wconf 86' lang='lat' dir='ltr'>amat</span> <span class='ocrx_word' id='word_1_388' title='bbox 2725 3255 2948 3329; x_wconf 89' lang='lat' dir='ltr'>quam</span> <span class='ocrx_word' id='word_1_389' title='bbox 3017 3231 3295 3332; x_wconf 85' lang='lat' dir='ltr'>aliquid</span> <span class='ocrx_word' id='word_1_390' title='bbox 3363 3233 3624 3312; x_wconf 81' lang='lat' dir='ltr'>aliud:</span> <span class='ocrx_word' id='word_1_391' title='bbox 3694 3231 3902 3329; x_wconf 86' lang='lat' dir='ltr'>cujus</span> 
     </span>
    </p>
   </div>
   <div class='ocr_carea' id='block_1_8' title="bbox 2334 3328 4020 3433">
    <p class='ocr_par' dir='ltr' id='par_1_12' title="bbox 2334 3328 4020 3433">
     <span class='ocr_line' id='line_1_51' title="bbox 2334 3328 4020 3433; baseline -0.004 -25"><span class='ocrx_word' id='word_1_392' title='bbox 2334 3328 2620 3430; x_wconf 80' lang='lat' dir='ltr'>fignum</span> <span class='ocrx_word' id='word_1_393' title='bbox 2690 3332 2790 3411; x_wconf 87' lang='lat' dir='ltr'>est</span> <span class='ocrx_word' id='word_1_394' title='bbox 2841 3331 3037 3431; x_wconf 86' lang='lat' dir='ltr'>quod</span> <span class='ocrx_word' id='word_1_395' title='bbox 3104 3347 3384 3432; x_wconf 87' lang='lat' dir='ltr'>quanto</span> <span class='ocrx_word' id='word_1_396' title='bbox 3432 3333 3714 3433; x_wconf 90' lang='lat' dir='ltr'>aliquid</span> <span class='ocrx_word' id='word_1_397' title='bbox 3766 3334 3894 3411; x_wconf 86' lang='lat' dir='ltr'>ali·</span> <span class='ocrx_word' id='word_1_398' title='bbox 4016 3399 4020 3402; x_wconf 13' lang='grc' dir='ltr'><strong><em>Δ</em></strong></span> 
     </span>
    </p>
   </div>
   <div class='ocr_carea' id='block_1_9' title="bbox 2316 3430 4011 4656">
    <p class='ocr_par' dir='ltr' id='par_1_13' title="bbox 2331 3430 4011 4152">
     <span class='ocr_line' id='line_1_52' title="bbox 2331 3430 3892 3540; baseline 0.002 -30"><span class='ocrx_word' id='word_1_399' title='bbox 2331 3432 2453 3510; x_wconf 87' lang='lat' dir='ltr'>cui</span> <span class='ocrx_word' id='word_1_400' title='bbox 2505 3430 2604 3510; x_wconf 90' lang='lat' dir='ltr'>est</span> <span class='ocrx_word' id='word_1_401' title='bbox 2654 3434 3136 3540; x_wconf 82' lang='lat' dir='ltr'>propinquius</span> <span class='ocrx_word' id='word_1_402' title='bbox 3173 3486 3202 3529; x_wconf 86' lang='lat'>‚</span> <span class='ocrx_word' id='word_1_403' title='bbox 3253 3434 3490 3533; x_wconf 84' lang='lat' dir='ltr'>magis</span> <span class='ocrx_word' id='word_1_404' title='bbox 3550 3432 3892 3514; x_wconf 71' lang='lat' dir='ltr'>naturan-</span> 
     </span>
     <span class='ocr_line' id='line_1_53' title="bbox 2333 3534 3909 3632; baseline -0.004 -19"><span class='ocrx_word' id='word_1_405' title='bbox 2333 3550 2444 3613; x_wconf 89' lang='lat' dir='ltr'>ter</span> <span class='ocrx_word' id='word_1_406' title='bbox 2510 3553 2799 3614; x_wconf 88' lang='lat' dir='ltr'>amatur</span> <span class='ocrx_word' id='word_1_407' title='bbox 2848 3592 2867 3611; x_wconf 88' lang='lat'><strong>.</strong></span> <span class='ocrx_word' id='word_1_408' title='bbox 2946 3534 3115 3613; x_wconf 76' lang='lat' dir='ltr'>Plus</span> <span class='ocrx_word' id='word_1_409' title='bbox 3187 3534 3413 3632; x_wconf 85' lang='lat' dir='ltr'>igitur</span> <span class='ocrx_word' id='word_1_410' title='bbox 3485 3534 3909 3613; x_wconf 63' lang='lat' dir='ltr'>delectatur..</span> 
     </span>
     <span class='ocr_line' id='line_1_54' title="bbox 2344 3632 3906 3730; baseline -0.003 -18"><span class='ocrx_word' id='word_1_411' title='bbox 2344 3637 2544 3712; x_wconf 90' lang='lat' dir='ltr'>Deus</span> <span class='ocrx_word' id='word_1_412' title='bbox 2597 3635 2677 3713; x_wconf 90' lang='lat' dir='ltr'>in</span> <span class='ocrx_word' id='word_1_413' title='bbox 2728 3635 2850 3712; x_wconf 87' lang='lat' dir='ltr'>sua</span> <span class='ocrx_word' id='word_1_414' title='bbox 2882 3633 3379 3725; x_wconf 85' lang='lat' dir='ltr'>beatitudine,</span> <span class='ocrx_word' id='word_1_415' title='bbox 3431 3656 3592 3730; x_wconf 82' lang='lat' dir='ltr'>quae</span> <span class='ocrx_word' id='word_1_416' title='bbox 3645 3632 3817 3707; x_wconf 77' lang='lat' dir='ltr'>est‘</span> <span class='ocrx_word' id='word_1_417' title='bbox 3878 3682 3906 3697; x_wconf 84' lang='lat'>-</span> 
     </span>
     <span class='ocr_line' id='line_1_55' title="bbox 2342 3658 3905 3845; baseline 0.001 -34"><span class='ocrx_word' id='word_1_418' title='bbox 2342 3734 2571 3812; x_wconf 88' lang='lat' dir='ltr'>semet</span> <span class='ocrx_word' id='word_1_419' title='bbox 2605 3786 2631 3827; x_wconf 89' lang='lat'>‚</span> <span class='ocrx_word' id='word_1_420' title='bbox 2681 3758 2904 3835; x_wconf 87' lang='lat' dir='ltr'>quam</span> <span class='ocrx_word' id='word_1_421' title='bbox 2956 3732 3083 3808; x_wconf 89' lang='lat' dir='ltr'>alii</span> <span class='ocrx_word' id='word_1_422' title='bbox 3137 3732 3335 3845; x_wconf 80' lang='lat' dir='ltr'>beati</span> <span class='ocrx_word' id='word_1_423' title='bbox 3385 3731 3466 3809; x_wconf 86' lang='lat' dir='ltr'>in</span> <span class='ocrx_word' id='word_1_424' title='bbox 3520 3658 3905 3828; x_wconf 55' lang='lat' dir='ltr'>beatituffi-</span> 
     </span>
     <span class='ocr_line' id='line_1_56' title="bbox 2340 3828 3991 3931; baseline 0.002 -21"><span class='ocrx_word' id='word_1_425' title='bbox 2340 3859 2482 3929; x_wconf 90' lang='lat' dir='ltr'>ne‚</span> <span class='ocrx_word' id='word_1_426' title='bbox 2532 3858 2692 3931; x_wconf 87' lang='lat' dir='ltr'>quae</span> <span class='ocrx_word' id='word_1_427' title='bbox 2744 3856 2894 3911; x_wconf 88' lang='lat' dir='ltr'>non</span> <span class='ocrx_word' id='word_1_428' title='bbox 2946 3828 3044 3907; x_wconf 84' lang='lat' dir='ltr'>est</span> <span class='ocrx_word' id='word_1_429' title='bbox 3089 3832 3286 3927; x_wconf 86' lang='lat' dir='ltr'>quod</span> <span class='ocrx_word' id='word_1_430' title='bbox 3316 3829 3444 3929; x_wconf 77' lang='lat' dir='ltr'>lpfi</span> <span class='ocrx_word' id='word_1_431' title='bbox 3498 3830 3692 3909; x_wconf 87' lang='lat' dir='ltr'>sunt:</span> <span class='ocrx_word' id='word_1_432' title='bbox 3751 3858 3902 3914; x_wconf 86' lang='lat' dir='ltr'>ma·</span> <span class='ocrx_word' id='word_1_433' title='bbox 3988 3895 3991 3900; x_wconf 81' lang='grc'><strong>-</strong></span> 
     </span>
     <span class='ocr_line' id='line_1_57' title="bbox 2341 3929 4011 4035; baseline 0.002 -24"><span class='ocrx_word' id='word_1_434' title='bbox 2341 3932 2454 4033; x_wconf 85' lang='lat' dir='ltr'>gis</span> <span class='ocrx_word' id='word_1_435' title='bbox 2505 3931 2734 4033; x_wconf 89' lang='lat' dir='ltr'>igitur</span> <span class='ocrx_word' id='word_1_436' title='bbox 2811 3929 3239 4010; x_wconf 73' lang='lat' dir='ltr'>desiderium</span> <span class='ocrx_word' id='word_1_437' title='bbox 3314 3930 3459 4011; x_wconf 89' lang='lat' dir='ltr'>Dei</span> <span class='ocrx_word' id='word_1_438' title='bbox 3542 3932 3904 4035; x_wconf 85' lang='lat' dir='ltr'>quiescit,</span> <span class='ocrx_word' id='word_1_439' title='bbox 4006 4007 4011 4015; x_wconf 89' lang='lat'>.</span> 
     </span>
     <span class='ocr_line' id='line_1_58' title="bbox 2339 4029 3763 4152; baseline -0.003 -37"><span class='ocrx_word' id='word_1_440' title='bbox 2339 4037 2415 4115; x_wconf 76' lang='lat'>8&lt;</span> <span class='ocrx_word' id='word_1_441' title='bbox 2464 4030 2855 4136; x_wconf 57' lang='lat' dir='ltr'>perfec-’tior</span> <span class='ocrx_word' id='word_1_442' title='bbox 2906 4030 3004 4110; x_wconf 90' lang='lat' dir='ltr'>est</span> <span class='ocrx_word' id='word_1_443' title='bbox 3057 4029 3470 4112; x_wconf 87' lang='lat' dir='ltr'>beatitudo.</span> <span class='ocrx_word' id='word_1_444' title='bbox 3745 4131 3763 4152; x_wconf 35' lang='lat'><em>⁶</em></span> 
     </span>
    </p>

    <p class='ocr_par' dir='ltr' id='par_1_14' title="bbox 2316 4134 3904 4656">
     <span class='ocr_line' id='line_1_59' title="bbox 2338 4134 3902 4353; baseline 0.004 -38"><span class='ocrx_word' id='word_1_445' title='bbox 2338 4165 2523 4352; x_wconf 27' lang='lat' dir='ltr'>essf:</span> <span class='ocrx_word' id='word_1_446' title='bbox 2568 4139 2988 4350; x_wconf 37' lang='lat' dir='ltr'>{gagg-eae&amp;</span> <span class='ocrx_word' id='word_1_447' title='bbox 3041 4134 3902 4353; x_wconf 44' lang='lat' dir='ltr'>eguggodpeiweiffggiizi}</span> 
     </span>
     <span class='ocr_line' id='line_1_60' title="bbox 2338 4334 3902 4439; baseline 0.001 -24"><span class='ocrx_word' id='word_1_448' title='bbox 2338 4355 2719 4439; x_wconf 72' lang='lat' dir='ltr'>patronem</span> <span class='ocrx_word' id='word_1_449' title='bbox 2770 4339 3037 4415; x_wconf 73' lang='lat' dir='ltr'>dreitur</span> <span class='ocrx_word' id='word_1_450' title='bbox 3085 4364 3113 4429; x_wconf 70' lang='grc' dir='ltr'><strong>ς</strong></span> <span class='ocrx_word' id='word_1_451' title='bbox 3165 4334 3343 4413; x_wconf 85' lang='lat' dir='ltr'>ficut</span> <span class='ocrx_word' id='word_1_452' title='bbox 3393 4354 3650 4417; x_wconf 77' lang='lat' dir='ltr'>natura</span> <span class='ocrx_word' id='word_1_453' title='bbox 3702 4362 3902 4438; x_wconf 85' lang='lat' dir='ltr'>1grns</span> 
     </span>
     <span class='ocr_line' id='line_1_61' title="bbox 2338 4435 3903 4542; baseline 0 -26"><span class='ocrx_word' id='word_1_454' title='bbox 2338 4435 2727 4542; x_wconf 69' lang='lat' dir='ltr'>perfeaius</span> <span class='ocrx_word' id='word_1_455' title='bbox 2758 4436 3129 4521; x_wconf 80' lang='lat' dir='ltr'>invenitur</span> <span class='ocrx_word' id='word_1_456' title='bbox 3148 4437 3229 4514; x_wconf 90' lang='lat' dir='ltr'>in</span> <span class='ocrx_word' id='word_1_457' title='bbox 3255 4436 3413 4537; x_wconf 87' lang='lat' dir='ltr'>ipso</span> <span class='ocrx_word' id='word_1_458' title='bbox 3450 4440 3648 4539; x_wconf 83' lang='lat' dir='ltr'>igne,</span> <span class='ocrx_word' id='word_1_459' title='bbox 3675 4462 3903 4539; x_wconf 88' lang='lat' dir='ltr'>quam</span> 
     </span>
     <span class='ocr_line' id='line_1_62' title="bbox 2316 4538 3904 4656; baseline -0.001 -37"><span class='ocrx_word' id='word_1_460' title='bbox 2316 4542 2423 4619; x_wconf 89' lang='lat' dir='ltr'>-in</span> <span class='ocrx_word' id='word_1_461' title='bbox 2473 4540 2684 4618; x_wconf 88' lang='lat' dir='ltr'>rebus</span> <span class='ocrx_word' id='word_1_462' title='bbox 2737 4538 2994 4638; x_wconf 81' lang='lat' dir='ltr'>ignitis</span> <span class='ocrx_word' id='word_1_463' title='bbox 3012 4594 3031 4614; x_wconf 89' lang='lat'><strong>.</strong></span> <span class='ocrx_word' id='word_1_464' title='bbox 3091 4542 3292 4617; x_wconf 90' lang='lat' dir='ltr'>Deus</span> <span class='ocrx_word' id='word_1_465' title='bbox 3342 4558 3590 4619; x_wconf 87' lang='lat' dir='ltr'>autem</span> <span class='ocrx_word' id='word_1_466' title='bbox 3643 4564 3773 4640; x_wconf 86' lang='lat' dir='ltr'>per</span> <span class='ocrx_word' id='word_1_467' title='bbox 3799 4539 3904 4656; x_wconf 60' lang='lat' dir='ltr'>es:</span> 
     </span>
    </p>
   </div>
   <div class='ocr_carea' id='block_1_10' title="bbox 686 4638 3906 4858">
    <p class='ocr_par' dir='ltr' id='par_1_15' title="bbox 686 4638 3906 4858">
     <span class='ocr_line' id='line_1_63' title="bbox 789 4638 3906 4742; baseline 0 -23"><span class='ocrx_word' id='word_1_468' title='bbox 789 4666 863 4736; x_wconf 83' lang='lat'>4.</span> <span class='ocrx_word' id='word_1_469' title='bbox 916 4642 1266 4719; x_wconf 67' lang='lat' dir='ltr'>Praeterea</span> <span class='ocrx_word' id='word_1_470' title='bbox 1289 4697 1307 4716; x_wconf 89' lang='lat'><strong>.</strong></span> <span class='ocrx_word' id='word_1_471' title='bbox 1336 4641 1511 4719; x_wconf 85' lang='lat' dir='ltr'>Duo</span> <span class='ocrx_word' id='word_1_472' title='bbox 1562 4643 1848 4724; x_wconf 87' lang='lat' dir='ltr'>summa</span> <span class='ocrx_word' id='word_1_473' title='bbox 1902 4642 2096 4720; x_wconf 84' lang='lat' dir='ltr'>bona</span> <span class='ocrx_word' id='word_1_474' title='bbox 2123 4640 2244 4720; x_wconf 77' lang='lat' dir='ltr'>es·</span> <span class='ocrx_word' id='word_1_475' title='bbox 2346 4640 2655 4720; x_wconf 89' lang='lat' dir='ltr'>sentiam</span> <span class='ocrx_word' id='word_1_476' title='bbox 2707 4641 2908 4718; x_wconf 88' lang='lat' dir='ltr'>suam</span> <span class='ocrx_word' id='word_1_477' title='bbox 2959 4640 3214 4719; x_wconf 77' lang='lat' dir='ltr'>beatus</span> <span class='ocrx_word' id='word_1_478' title='bbox 3265 4638 3415 4729; x_wconf 60' lang='lat' dir='ltr'>estz</span> <span class='ocrx_word' id='word_1_479' title='bbox 3465 4642 3664 4742; x_wconf 87' lang='lat' dir='ltr'>quod</span> <span class='ocrx_word' id='word_1_480' title='bbox 3713 4639 3906 4719; x_wconf 72' lang='lat' dir='ltr'>nulli</span> 
     </span>
     <span class='ocr_line' id='line_1_64' title="bbox 686 4737 3905 4858; baseline 0.002 -44"><span class='ocrx_word' id='word_1_481' title='bbox 686 4737 757 4815; x_wconf 87' lang='lat' dir='ltr'>se</span> <span class='ocrx_word' id='word_1_482' title='bbox 813 4740 912 4817; x_wconf 82' lang='lat' dir='ltr'>est</span> <span class='ocrx_word' id='word_1_483' title='bbox 982 4740 1491 4839; x_wconf 85' lang='lat' dir='ltr'>impassibile:</span> <span class='ocrx_word' id='word_1_484' title='bbox 1567 4743 1619 4819; x_wconf 82' lang='lat' dir='ltr'>fi</span> <span class='ocrx_word' id='word_1_485' title='bbox 1690 4746 1895 4822; x_wconf 85' lang='lat' dir='ltr'>enirn</span> <span class='ocrx_word' id='word_1_486' title='bbox 1967 4743 2245 4844; x_wconf 86' lang='lat' dir='ltr'>aliquid</span> <span class='ocrx_word' id='word_1_487' title='bbox 2345 4743 2476 4821; x_wconf 87' lang='lat' dir='ltr'>alii</span> <span class='ocrx_word' id='word_1_488' title='bbox 2504 4757 2921 4858; x_wconf 79' lang='lat' dir='ltr'>competere</span> <span class='ocrx_word' id='word_1_489' title='bbox 2972 4740 3220 4841; x_wconf 88' lang='lat' dir='ltr'>potest:</span> <span class='ocrx_word' id='word_1_490' title='bbox 3255 4741 3664 4820; x_wconf 87' lang='lat' dir='ltr'>nihilenim</span> <span class='ocrx_word' id='word_1_491' title='bbox 3703 4742 3905 4822; x_wconf 82' lang='lat' dir='ltr'>aliud</span> 
     </span>
    </p>
   </div>
   <div class='ocr_carea' id='block_1_11' title="bbox 678 4841 2241 4941">
    <p class='ocr_par' dir='ltr' id='par_1_16' title="bbox 678 4841 2241 4941">
     <span class='ocr_line' id='line_1_65' title="bbox 678 4841 2241 4941; baseline 0.004 -25"><span class='ocrx_word' id='word_1_492' title='bbox 678 4841 816 4917; x_wconf 82' lang='lat' dir='ltr'>uni</span> <span class='ocrx_word' id='word_1_493' title='bbox 887 4842 1151 4920; x_wconf 87' lang='lat' dir='ltr'>deesset</span> <span class='ocrx_word' id='word_1_494' title='bbox 1244 4843 1442 4941; x_wconf 89' lang='lat' dir='ltr'>quod</span> <span class='ocrx_word' id='word_1_495' title='bbox 1509 4842 1819 4920; x_wconf 78' lang='lat' dir='ltr'>aiterum</span> <span class='ocrx_word' id='word_1_496' title='bbox 1903 4846 2241 4940; x_wconf 85' lang='lat' dir='ltr'>haberet,</span> 
     </span>
    </p>
   </div>
   <div class='ocr_carea' id='block_1_12' title="bbox 661 4943 2241 5037">
    <p class='ocr_par' dir='ltr' id='par_1_17' title="bbox 661 4943 2241 5037">
     <span class='ocr_line' id='line_1_66' title="bbox 661 4943 2241 5037; baseline 0.001 -15"><span class='ocrx_word' id='word_1_497' title='bbox 661 4958 1024 5032; x_wconf 24' lang='lat' dir='ltr'>*neutrum</span> <span class='ocrx_word' id='word_1_498' title='bbox 1063 4943 1435 5026; x_wconf 86' lang='lat' dir='ltr'>summum</span> <span class='ocrx_word' id='word_1_499' title='bbox 1478 4943 1759 5030; x_wconf 78' lang='lat' dir='ltr'>bonum</span> <span class='ocrx_word' id='word_1_500' title='bbox 1810 4947 2015 5026; x_wconf 87' lang='lat' dir='ltr'>esset.</span> <span class='ocrx_word' id='word_1_501' title='bbox 2068 4949 2241 5037; x_wconf 85' lang='lat' dir='ltr'>Bea-</span> 
     </span>
    </p>
   </div>
   <div class='ocr_carea' id='block_1_13' title="bbox 2343 4840 3904 5048">
    <p class='ocr_par' dir='ltr' id='par_1_18' title="bbox 2343 4840 3904 5048">
     <span class='ocr_line' id='line_1_67' title="bbox 2343 4840 3902 4946; baseline 0 -25"><span class='ocrx_word' id='word_1_502' title='bbox 2343 4861 2599 4943; x_wconf 83' lang='lat' dir='ltr'>praeter</span> <span class='ocrx_word' id='word_1_503' title='bbox 2680 4842 2918 4946; x_wconf 77' lang='lat' dir='ltr'>lpsum</span> <span class='ocrx_word' id='word_1_504' title='bbox 2997 4840 3226 4943; x_wconf 85' lang='lat' dir='ltr'>potest</span> <span class='ocrx_word' id='word_1_505' title='bbox 3304 4844 3447 4920; x_wconf 83' lang='lat' dir='ltr'>ess&#39;e</span> <span class='ocrx_word' id='word_1_506' title='bbox 3532 4843 3902 4922; x_wconf 83' lang='lat' dir='ltr'>summum</span> 
     </span>
     <span class='ocr_line' id='line_1_68' title="bbox 2343 4939 3904 5048; baseline -0.003 -7"><span class='ocrx_word' id='word_1_507' title='bbox 2343 4946 2674 5046; x_wconf 74' lang='lat' dir='ltr'>bonum,</span> <span class='ocrx_word' id='word_1_508' title='bbox 2723 4960 2806 5028; x_wconf 83' lang='lat' dir='ltr'>ut</span> <span class='ocrx_word' id='word_1_509' title='bbox 2855 4965 2948 5027; x_wconf 79' lang='lat' dir='ltr'>ex</span> <span class='ocrx_word' id='word_1_510' title='bbox 2981 4939 3338 5048; x_wconf 68' lang='lat' dir='ltr'>praedietis</span> <span class='ocrx_word' id='word_1_511' title='bbox 3389 4944 3421 5047; x_wconf 93' lang='lat'>(</span> <span class='ocrx_word' id='word_1_512' title='bbox 3468 4968 3623 5047; x_wconf 81' lang='lat' dir='ltr'>cap.</span> <span class='ocrx_word' id='word_1_513' title='bbox 3673 4944 3820 5028; x_wconf 80' lang='lat' dir='ltr'>bu.</span> <span class='ocrx_word' id='word_1_514' title='bbox 3873 4940 3904 5036; x_wconf 87' lang='lat'><strong>)</strong></span> 
     </span>
    </p>
   </div>
   <div class='ocr_carea' id='block_1_14' title="bbox 3776 5063 4018 5142">
    <p class='ocr_par' dir='ltr' id='par_1_19' title="bbox 3776 5063 4018 5142">
     <span class='ocr_line' id='line_1_69' title="bbox 3776 5063 4018 5142; baseline 0 0"><span class='ocrx_word' id='word_1_515' title='bbox 3776 5063 3904 5142; x_wconf 74' lang='lat'>1³²-</span> <span class='ocrx_word' id='word_1_516' title='bbox 4012 5133 4018 5142; x_wconf 95' lang='lat'><em>.</em></span> 
     </span>
    </p>
   </div>
  </div>
 </body>
</html>
