4597 5696
1279 422 1871 491 CONTRA
1955 407 2705 486 GENTILES
2785 406 3041 478 L113.
3127 415 3193 476 1.
3250 424 3343 447 “⁴

632 530 774 627 mar
822 532 1221 618 similitudo
1239 591 1268 631 ‚
1319 535 1498 617 ficut
1542 534 1867 637 primum
1917 532 2183 635 princi·

629 638 844 738 pium
891 638 1403 742 productivum
1452 635 1823 737 utriusque
1839 694 1859 714 .

889 753 1527 821 CAPUT
1639 753 1939 817 .va1.

679 836 695 845 '
744 834 927 909 Quod
964 840 1148 900 Deus*
1177 834 1446 918 cognoscit
1498 854 1566 895 ει
1591 855 1727 917 ¹quae
1753 856 1858 894 non
1888 834 2065 915 fiant-s

953 921 1008 978 Ι.
1052 921 1214 979 Part.
1259 912 1442 995 quaess.
1481 933 1626 979 xlv.
1668 931 1779 975 art.
1799 933 1862 991 9.

639 1031 1082 1221 SEcundo
1124 1034 1642 1115 ostendendum
1661 1034 1761 1113 est
1800 1036 1997 1137 quod
2021 1040 2189 1117 Deo

821 1163 973 1216 non
1025 1137 1216 1218 deest
1281 1137 1549 1217 notitia
1631 1161 1888 1217 eorum
1960 1139 2199 1218 etiam

635 1261 797 1336 quae
849 1264 1002 1317 non
1054 1238 1257 1318 fiant.
1629 1318 1634 1325 .

699 1410 704 1411 f
749 1365 810 1415 1.
865 1341 980 1419 Ut
1044 1342 1250 1420 enim
1317 1365 1408 1421 ex
1482 1339 1904 1443 supradietis
1951 1341 1983 1439 (
2032 1364 2192 1441 cap.

637 1437 724 1553 ly
736 1466 794 1517 1.
851 1440 878 1537 )
944 1457 1147 1541 patet
1195 1496 1224 1537 ‚
1307 1445 1562 1523 eadem
1642 1444 1744 1522 est
1821 1466 2195 1543 compara-

641 1556 754 1618 tio
807 1540 1120 1623 scientiae
1171 1544 1442 1639 ,divinae
1494 1545 1586 1623 ad
1635 1570 1748 1624 res
1802 1545 2012 1624 scitas
2029 1569 2192 1644 quae

642 1640 1018 1721 scibilium
1067 1646 1159 1723 ad
1212 1643 1590 1724 scientiam
1640 1643 1957 1724 nostram
1990 1702 2009 1721 .
2064 1643 2194 1724 Est

635 1758 887 1823 autem
939 1744 1089 1823 haec
1140 1747 1592 1846 comparatio
1623 1745 1895 1824 scibilis
1946 1746 2034 1823 ad
2061 1770 2192 1823 no·

637 1841 862 1921 stram
912 1844 1300 1924 scientiam
1333 1900 1362 1940 ‚
1410 1847 1607 1945 quod
1661 1845 1911 1923 scibile
1963 1844 2195 1945 potest

638 1945 780 2031 effe
830 1946 1101 2046 absque
1171 1972 1265 2025 eo
1316 1947 1514 2046 quod
1591 1944 1743 2045 ejus
1797 1945 2097 2024 scientia
2147 1972 2192 2024 a

639 2045 862 2124 nobis
916 2046 1270 2126 habeatur
1321 2048 1456 2144 (ut
1508 2048 1719 2146 ponit
1767 2045 2193 2145 exemplum

643 2145 1120 2247 Philosophus
1172 2148 1254 2224 in
1305 2147 1891 2225 Praedicamentis
1959 2147 1986 2243 (
2038 2171 2193 2247 cap.

641 2247 742 2324 ad
794 2247 1086 2344 aliquid
1138 2245 1166 2343 )
1219 2246 1309 2323 de
1376 2247 1635 2325 circuli
1685 2247 2115 2346 quadratura
2167 2248 2210 2345 ).

643 2369 799 2424 non
846 2361 1095 2424 autem
1167 2370 1209 2423 e
1260 2345 1610 2426 converso
1645 2403 1665 2422 .
1753 2344 1966 2424 Talis
2017 2370 2195 2445 ergo

643 2446 787 2526 erit
866 2448 1322 2548 comparatio
1388 2447 1654 2525 divinae
1735 2445 2049 2524 scientiae
2102 2448 2194 2526 ad

644 2572 759 2626 res
808 2548 988 2628 alias
1021 2602 1050 2646 ‚
1133 2548 1333 2648 quod
1396 2547 1629 2627 etiam
1670 2572 1848 2626 non
1903 2544 2203 2627 existen-

641 2648 835 2728 tium
886 2650 1025 2727 effe
1078 2647 1308 2749 potest
1337 2703 1357 2725 .
1607 2690 1614 2697 ·

670 2832 673 2836 ,
748 2778 815 2827 2.
876 2756 1068 2830 Item
1119 2806 1137 2827 .
1218 2749 1574 2852 Cognitio
1624 2749 1862 2831 divini
1915 2749 2198 2829 intelle·

642 2844 805 2931 &us
855 2869 1317 2952 comparatur
1368 2853 1460 2932 ad
1498 2875 1608 2930 res
1641 2851 1819 2930 alias
1871 2850 2050 2930 ficut
2076 2878 2196 2931 co·

643 2950 891 3051 gnitio
960 2951 1260 3032 artificis
1328 2953 1419 3032 ad
1489 2950 1874 3031 artificiata
1914 3006 1941 3047 ‚
2016 2977 2190 3032 cum

627 3074 773 3150 per
830 3052 1026 3130 suam
1079 3052 1456 3160 scientiam
1507 3053 1594 3132 fit
1642 3054 1852 3132 causa
1904 3077 2146 3133 rerum
2168 3110 2188 3132 .

644 3150 938 3232 Artifex
990 3168 1237 3231 autem
1304 3154 1426 3231 sua
1498 3153 1668 3233 artis
1719 3154 2193 3254 cognitione,

641 3252 871 3331 etiam
922 3277 1228 3352 ea‚quae
1279 3256 1603 3331 nondum
1655 3255 1814 3333 sunt
1855 3254 2192 3335 artificia-

649 3368 773 3448 ta‚
822 3354 1198 3453 cognoscit
1241 3381 1258 3426 :
1317 3352 1568 3430 formae
1622 3355 1826 3430 enirn
1879 3355 2053 3433 artis
2107 3380 2197 3435 ex

648 3452 802 3551 ejus
857 3453 1157 3532 scientia
1239 3451 1551 3531 effluunt
1626 3453 1707 3532 in
1759 3456 2194 3534 exteriorem

645 3555 1034 3646 materiam
1103 3555 1193 3633 ad
1242 3552 1794 3632 artificiat'orum
1859 3553 2199 3635 constitu·

650 3657 963 3748 tionem3
982 3657 1174 3734 unde
1223 3654 1418 3733 nihil
1467 3655 1808 3754 prohibet
1857 3656 1938 3734 in
1979 3655 2199 3758 scien-

650 3757 758 3835 tia
808 3754 1107 3836 artificis
1156 3757 1294 3834 esse
1336 3755 1606 3834 formas
1656 3781 1813 3857 quae
1867 3758 2195 3836 nondum

645 3859 961 3937 exterius
1012 3858 1433 3957 prodierunt
1469 3912 1488 3934 .
1559 3856 1677 3935 Sic
1730 3859 1958 3957 igitur
2005 3857 2195 3936 nihil

650 3958 994 4056 prohibet
1034 4011 1063 4051 ‚
1150 3960 1394 4036 Deum
1488 3974 1744 4036 eorum
1815 3983 1975 4060 quae
2044 3984 2199 4040 non

652 4056 865 4154 sunt,
916 4057 1263 4135 notitiam
1316 4060 1579 4134 habere
1615 4114 1633 4135 .

759 4183 825 4257 3.
877 4162 1262 4236 Praeterea.
1320 4162 1518 4235 Deus
1568 4158 1940 4259 cognoscit
1990 4159 2134 4238 alia
2157 4185 2200 4237 a

656 4253 730 4331 se
780 4280 909 4354 per
977 4258 1350 4335 efl'entiam
1418 4260 1619 4335 suam
1669 4312 1695 4354 ,
1765 4263 2203 4361 inquantum

651 4353 754 4432 est
811 4352 1206 4436 similitudo
1239 4382 1491 4436 eorum
1546 4385 1705 4459 quae
1756 4362 1849 4438 ab
1903 4383 1993 4440 eo
2043 4387 2203 4461 pro·

653 4453 923 4534 cedunt
953 4508 981 4551 ,
1031 4472 1113 4533 ut
1179 4483 1270 4535 ex
1323 4457 1741 4558 supradietis
1789 4462 2203 4561 (cap.11v.)

705 4570 856 4633 atet
895 4610 915 4632 .
991 4557 1131 4634 Sed
1178 4581 1352 4634 cum
1403 4560 1698 4639 ess'entia
1753 4563 1897 4639 Dei
1955 4560 2039 4640 fit
2094 4562 2201 4639 in-

715 4656 882 4734 nitae
953 4653 1414 4756 perfeffionis
1463 4712 1491 4753 ‚
1556 4675 1640 4740 ut
1710 4662 1915 4761 supra
1968 4661 1995 4759 (
2047 4686 2200 4762 cap.

654 4752 776 4835 xlx
797 4783 855 4846 1,
907 4756 935 4854 )
1001 4754 1366 4836 ostensum
1433 4758 1542 4870 eit
1582 4813 1610 4856 ,
1691 4762 2034 4860 quaelibet
2083 4790 2204 4842 au-

659 4869 816 4941 tem
888 4854 1032 4934 alia
1103 4882 1214 4936 res
1264 4858 1527 4938 habeat
1594 4861 1730 4936 effe
1777 4914 1804 4954 ‚
1853 4862 1924 4937 8<
1979 4862 2204 4961 perfe-

656 4949 986 5042 &ionem
1035 4957 1504 5037 terminatam
1533 4987 1563 5057 ,·
1619 4959 2056 5059 imp'ossibile
2106 4962 2207 5042 est

749 5057 1742 5158 ffl.Contr.Gem.Tom.I.
1991 5087 1996 5090 ·

3848 446 3879 488 t

2283 534 2482 635 quod
2530 528 2954 610 univerfitas
3004 550 3251 605 rerum
3296 524 3612 608 aliarum
3660 534 3838 614 adae-
3938 584 3943 590 ,

2282 651 2463 736 quet
2530 631 2841 712 effentiae
2921 629 3191 710 divinae
3272 628 3802 730 perseffionem
3827 692 3849 715 .

2285 734 2640 816 Extendit
2691 733 2921 836 igitur
2989 729 3231 809 sevis
3278 730 3418 810 suae
3469 735 3850 832 repraesen-

2284 837 2589 917 tationis
2639 836 2732 914 ad
2780 831 3022 913 multo
3071 830 3279 931 plura
3343 846 3569 933 quam
3618 836 3710 914 ad
3761 862 3850 916 ea

2287 962 2448 1039 quae
2520 939 2681 1016 sunt
2712 993 2732 1013 .
2819 935 2902 1016 Si
2953 932 3183 1034 igitur
3268 937 3473 1014 Deus
3525 936 3864 1019 totaliter

2289 1040 2644 1119 virtutem
2693 1092 2722 1132 ‚
2792 1036 2869 1114 8<
2937 1031 3469 1136 perfeaionem
3533 1040 3851 1121 effentiae

2294 1140 2430 1219 suae
2483 1137 2859 1238 cognoscit
2908 1190 2937 1230 ‚
3007 1136 3334 1217 extendit
3400 1137 3473 1215 se
3521 1137 3677 1237 ejus
3729 1166 3854 1220 co·-

2291 1241 2534 1342 gnitio
2609 1265 2759 1318 non
2830 1235 3070 1315 solum
3137 1237 3231 1315 ad
3281 1262 3367 1315 ea
3417 1261 3579 1339 quae
3635 1240 3801 1320 sunt
3832 1294 3863 1338 ‚

2292 1344 2415 1422 sed
2464 1339 2837 1425 etiamad
2888 1362 2973 1415 ea
3026 1362 3186 1437 quae
3238 1362 3390 1416 non
3442 1340 3644 1419 sunt.

2396 1472 2469 1543 4·-
2524 1440 2868 1557 Amplius
2897 1495 2917 1517 .
2986 1436 3409 1522 Intelleaus
3455 1440 3704 1521 noster
3756 1442 3859 1523 se-

2291 1548 2623 1627 cundum·
2682 1542 2892 1622 illam
2964 1540 3468 1640 operationem
3535 1568 3682 1643 qua
3733 1572 3854 1626 co-

2293 1647 2584 1748 gnoscit
2631 1644 2831 1744 quod
2881 1641 3062 1742 quid
3110 1638 3212 1717 est
3253 1693 3281 1736 ,
3331 1642 3679 1723 notitiam
3730 1647 3857 1724 ha-

2290 1750 2464 1826 bere
2536 1743 2765 1847 potest
2837 1743 3072 1820 etiam
3142 1761 3395 1818 eorum
3469 1752 3630 1843 ‘quae
3698 1750 3855 1824 non

2292 1848 2457 1926 sunt
2507 1844 2673 1923 achi
2725 1871 2743 1921 ε
2819 1839 3052 1959 potest
3124 1842 3327 1918 enIm
3400 1844 3574 1943 equi
3625 1897 3653 1940 ‚
3725 1846 3852 1926 ve'l

2291 1947 2528 2027 leonis
2597 1946 2974 2023 essentiam
3026 1940 3642 2040 comprehendere
3688 1972 3855 2027 orn-

2290 2049 2508 2127 nibus
2559 2039 2973 2139 hujusmodi
3013 2042 3452 2121 animalibus
3503 2045 3849 2126 interem-

2292 2150 2439 2248 ptis
2468 2204 2493 2229 .
2571 2141 2995 2223 Inteneaus
3078 2158 3327 2221 autem
3382 2144 3681 2227 divinus
3735 2166 3862 2227 co-

2293 2245 2578 2347 gnoscit
2627 2245 2719 2322 ad
2768 2244 3073 2323 modum
3122 2244 3623 2341 cognoscentis
3657 2251 3855 2348 quod

2350 2347 2476 2426 uid
2530 2342 2643 2423 ‘est
2679 2398 2707 2441 ,
2781 2368 2936 2422 non
3013 2343 3250 2422 solum
3299 2344 3781 2429 diffinitiones
3823 2404 3853 2444 ,

2328 2449 2417 2526 ed
2467 2447 2694 2525 etiam
2745 2443 3230 2523 enuntiabilia
3263 2500 3290 2541 ‚
3342 2463 3426 2526 ut
3474 2473 3566 2527 ex
3618 2448 3859 2550 supra-

2303 2549 2518 2629 dictis
2569 2549 2596 2645 (
2648 2570 2803 2647 cap.
2854 2545 3003 2624 l1x.
3055 2544 3083 2642 )
3131 2562 3330 2644 patet
3349 2602 3369 2621 .
3424 2546 3664 2626 Potest
3717 2551 3869 2649 igi«

2304 2666 2423 2729 tur
2472 2649 2701 2726 etiam
2750 2670 3005 2726 eorum
3055 2670 3214 2745 quae
3268 2671 3421 2725 non
3470 2647 3675 2746 sunt,
3727 2675 3861 2729 no·

2294 2751 2541 2830 titiam
2593 2749 2861 2826 habere
2895 2803 2915 2823 .

2304 2939 2307 2952 W
2405 2875 2468 2948 ς.
2526 2846 2826 2929 Adhuc.
2882 2844 3207 2932 Effectus
3257 2845 3525 2950 aliquis
3593 2847 3674 2929 in
3723 2844 3853 2931 'sua

2289 2952 2498 3032 causa
2550 2949 3033 3050 praecognosci
3084 2949 3315 3049 potest
3338 3004 3367 3044 ‚
3433 2950 3659 3030 etiam
3728 2966 3869 3032 an-‘

2288 3071 2586 3153 tequam
2639 3049 2724 3129 fit
2761 3105 2790 3145 ‚
2869 3049 3048 3128 ficut
3097 3049 3473 3149 cognoscit
3529 3051 3848 3132 Astrolo-

2292 3180 2427 3257 gus
2483 3150 2832 3267 eclypsim
2872 3148 3192 3229 futuram
3230 3176 3319 3230 ex
3350 3150 3854 3233 consideratio‘

2289 3278 2388 3338 ne
2438 3254 2713 3333 ordims
2788 3250 3177 3331 caelestium
3244 3270 3582 3333 motuum
3610 3308 3630 3330 .
3712 3255 3854 3336 Sed

2294 3354 2628 3453 cognitio
2680 3352 2829 3431 Dei
2903 3351 3002 3430 est
3072 3354 3162 3430 de
3233 3355 3448 3434 rebus
3499 3354 3844 3434 omnibus

2294 3479 2427 3554 per
2477 3453 2766 3534 causam
2818 3479 2835 3524 :
2895 3451 2965 3528 se
3016 3452 3218 3531 enim
3271 3455 3773 3555 cognoscendo
3823 3510 3853 3550 ,

2301 3554 2430 3655 qui
2500 3552 2600 3631 est
2670 3550 3011 3631 omniurn
3078 3555 3285 3632 causa
3323 3608 3351 3651 ,
3428 3554 3572 3635 alia
3654 3556 3854 3656 quali

2297 3656 2459 3735 suos
2500 3651 2800 3733 effectus
2847 3653 3370 3754 cognoscit,ut
3397 3657 3602 3757 supra
3636 3657 3665 3755 (
3701 3684 3860 3758 cap.
3894 3677 3901 3682 ·

2294 3755 2494 3836 xlrx.
2548 3755 2581 3854 )
2653 3753 3015 3835 ostensum
3091 3753 3192 3832 est
3235 3812 3255 3833 .
3329 3757 3550 3837 Nihil
3633 3759 3873 3857 igitur

2295 3856 2638 3958 prohibet
2708 3856 2892 3958 quin
2975 3854 3201 3936 ctiam
3271 3882 3430 3959 quae
3520 3863 3848 3940 nondum

2302 3958 2467 4040 sunt
2515 3957 2904 4057 cognoscat
2918 4013 2938 4035 .
3372 4045 3379 4056 ,

2401 4063 2473 4137 6.
2528 4057 2873 4158 Amplius
2901 4114 2921 4136 .
3002 4057 3247 4146 Intelli
3302 4079 3423 4138 ere
3490 4061 3637 4141 Dei
3704 4060 3858 4140 suc-

2297 4158 2687 4241 cessionem
2738 4182 2889 4237 non
2939 4157 3206 4254 habet,
3281 4174 3449 4238 rcut¹
3501 4186 3638 4241 nec
3691 4162 3843 4260 eius
3872 4174 3887 4217 ·‘

2303 4259 2484 4337 effe.
2537 4256 2697 4368 Est,
2718 4257 2945 4358 igitur
2992 4274 3235 4338 totum
3286 4258 3497 4340 simul
3569 4263 3852 4364 semper

2306 4384 2609 4438 manens
2634 4412 2661 4453 ‚
2711 4361 2907 4458 quod
2957 4361 3046 4438 de
3096 4360 3380 4439 ratione
3429 4365 3854 4444 aeternitatis

2307 4460 2406 4539 est
2449 4487 2465 4536 :
2521 4458 2870 4559 temporis
2918 4478 3163 4539 autem
3237 4463 3526 4543 duratio
3596 4467 3859 4544 succes-

2307 4561 2507 4640 fione
2557 4559 2818 4660 prioris
2843 4614 2880 4675 ‚⁹
2930 4561 3002 4638 8(
3052 4561 3466 4676 posterioris
3538 4566 3870 4645 extendi-

2304 4679 2423 4742 tur
2462 4717 2482 4736 .
2534 4665 2917 4759 Proportio
2984 4681 3207 4762 1g1tur
3276 4667 3694 4745 aeternitatis
3758 4669 3859 4746 'ad

2309 4778 2542 4842 totam
2594 4762 2944 4860 temporis
2992 4765 3452 4845 durationem
3504 4763 3602 4844 est
3679 4768 3877 4847 ficut
3933 4801 3951 4817 ·

2306 4863 2681 4963 proportio
2736 4863 3195 4944 indivisibilis
3247 4869 3336 4944 ad
3383 4868 3858 4958 continuum,

2306 4985 2459 5046 non
2527 4964 2831 5067 quidem
2904 4964 3055 5066 ejus
3126 4965 3589 5070 indivisibilis
3658 4967 3854 5066 quod

2510 5091 2513 5094 ’
2747 5081 2757 5089 ’
3390 5077 3399 5090 '
3709 5082 3847 5150 ter-
