4597 5696
713 387 853 446 -alz

704 504 868 579 ”bat
916 554 941 596 ‚
996 507 1302 578 omnem
1353 501 1686 579 animam
1739 501 1882 579 esse
1934 499 2311 584 immota»

737 603 931 681 lem.
988 602 1192 699 Quia
1248 602 1524 683 scilicet
1551 602 1802 680 anima
1852 603 1953 682 est
2004 625 2314 687 movens

739 706 809 782 se
866 703 1102 804 ipsam·
1141 763 1158 782 .
1234 708 1488 785 Omne
1558 722 1806 783 autern
1880 725 2186 790 movens
2239 711 2311 806 se

737 807 976 908 ipsum
1049 825 1341 908 oportet
1414 807 1551 886 effe
1605 807 2083 888 immortale:
2152 831 2310 892 cor-

736 934 871 1011 pus
922 908 1124 988 enim
1184 934 1332 988 non
1390 909 1707 988 moritur
1758 910 1891 988 nisi
1929 911 2306 992 absceden-

739 1029 813 1091 te
886 1037 978 1089 eo
1054 1037 1095 1090 a
1148 1038 1299 1113 quo
1350 1013 1787 1091 movebatur
1837 1040 1855 1090 ε
1932 1011 2131 1092 idem
2183 1042 2305 1096 au-

736 1131 889 1194 tem
978 1139 1027 1191 a*
1075 1114 1144 1191 se
1199 1114 1355 1216 ipso
1404 1141 1554 1194 non
1611 1111 1843 1214 potest
1893 1115 2303 1196 discedere:

735 1220 929 1294 uncle
987 1215 1309 1318 sequitur
1363 1217 1756 1296 secundum
1813 1216 2053 1317 ipsum
2106 1222 2307 1320 quod

735 1341 1048 1397 movens
1120 1321 1190 1397 se
1261 1320 1495 1420 ipsum
1572 1346 1724 1397 non
1792 1313 2008 1420 poffit
2070 1323 2302 1401 mori.

731 1421 843 1502 Et·
926 1419 1054 1504 sic]
1115 1422 1702 1521 relinquebatur'
1753 1423 1952 1523 quod
2052 1423 2304 1502 anima

731 1524 978 1600 omnis
1059 1524 1344 1602 ‘motiva
1416 1524 1588 1602 esset
1641 1523 2086 1605 immortalis
2120 1579 2145 1621 ‚
2199 1543 2300 1605 et·

731 1623 884 1702 iam
938 1625 1318 1703 brutorum
1345 1682 1362 1703 .
1423 1626 1600 1705 Ideo
1653 1642 1903 1705 autem
1956 1627 2141 1707 hanc
2196 1653 2301 1706 ra·

728 1726 1030 1804 tionem
1068 1727 1149 1805 in
1203 1727 1401 1806 idem
1465 1723 1701 1806 redire
1753 1728 2072 1809 diximus
2123 1753 2297 1809 cum

725 1827 1124 1928 praemissa,
1176 1828 1351 1929 quia
1404 1855 1577 1907 cum
1612 1883 1636 1923 ‚
1692 1830 2087 1909 secundum
2140 1831 2295 1911 Pla-

729 1929 928 2008 tonis
977 1929 1417 2030 positionem
1470 1933 1497 2029 (
1551 1933 1640 2010 de
1694 1932 1977 2032 legibus
2030 1933 2057 2030 )
2106 1933 2297 2012 nihil

726 2041 1037 2111 moveat
1089 2031 1217 2111 nisi
1277 2051 1628 2128 motum3
1701 2034 1775 2113 id
1826 2036 2022 2134 quod
2075 2034 2172 2114 est
2225 2036 2301 2114 se

727 2131 970 2231 ipsum
1023 2155 1373 2230 movens,
1429 2135 1527 2213 est
1579 2162 1708 2238 per
1762 2137 1831 2230 se
1869 2136 2104 2238 ipsum
2136 2161 2291 2215 mo·

722 2232 970 2313 tivum
1010 2290 1037 2330 ‚
1117 2235 1191 2314 8<
1240 2235 1333 2315 fic
1387 2236 1610 2316 habet
1663 2238 1990 2336 aliquam
2045 2263 2292 2339 opera-

728 2334 1016 2414 tionem
1093 2361 1223 2437 per
1302 2335 1370 2416 se
1406 2394 1426 2414 .
1501 2341 1687 2418 Non
1764 2339 1998 2418 solum
2050 2359 2301 2418 autem

728 2435 814 2515 in
851 2440 1240 2519 rmovendo
1288 2493 1316 2535 ‚
1390 2439 1511 2518 sed
1562 2441 1791 2519 etiarn
1863 2442 1943 2519 in
1993 2440 2297 2519 sentien-

729 2539 833 2618 do
900 2542 1218 2639 ponebat
1285 2541 1502 2622 Plato
1575 2541 1604 2640 (
1661 2542 1740 2620 in
1785 2542 2003 2624 Tim.
2060 2539 2086 2638 )
2140 2543 2295 2621 ani-

726 2665 933 2720 mam
1007 2640 1419 2722 sensitivam
1492 2643 1868 2745 propriam
1936 2644 2296 2745 operatio-

724 2768 905 2822 nem
993 2743 1317 2824 babere:
1389 2744 1681 2825 dicebat
1764 2746 1967 2827 enim
2022 2801 2049 2842 ‚
2101 2748 2301 2847 quod

727 2844 1000 2927 sentire
1064 2846 1165 2926 est
1235 2868 1480 2928 motus
1525 2848 1828 2949 quidam
1883 2850 2095 2951 ipsius
2147 2850 2302 2928 ani-

728 2972 872 3030 mae
928 2950 1360 3045 sentientis;
1411 2951 1485 3029 8(
1537 2951 1686 3050 ipsa
1737 2951 1834 3029 sic
1884 2970 2090 3031 mota
2140 2977 2297 3028 mo·

732 3052 954 3129 vebat
1032 3078 1293 3153 corpus
1360 3053 1452 3129 ad
1504 3050 1960 3133 sentiendum
2005 3080 2023 3125 z
2101 3054 2295 3130 unde

730 3152 1482 3272 diffiniens-sensum,
1535 3152 1892 3251 dicebat,
1942 3153 2141 3255 quod
2191 3152 2294 3232 est

727 3272 980 3335 motus
1027 3281 1291 3335 anxmae
1347 3278 1474 3356 per
1522 3278 1785 3353 corpus
1811 3310 1832 3330 .

836 3361 1016 3437 Haec
1071 3374 1319 3436 autem
1370 3381 1527 3457 quae
1580 3354 1776 3435 dista
1828 3355 2043 3451 sunt,
2094 3372 2295 3457 patet

724 3461 865 3539 effe
917 3459 1132 3537 falsa.
1181 3461 1377 3538 ’Non
1428 3458 1630 3536 ‘enim
1684 3459 1952 3539 sentire
2005 3456 2103 3535 est
2138 3485 2293 3538 mo-

719 3583 898 3640 vere
947 3615 973 3654 ‚
1049 3558 1165 3638 sed
1217 3560 1455 3659 magis
1522 3560 1810 3639 moveri
1856 3587 1877 3639 t
1964 3583 2139 3638 nam
2195 3584 2287 3638 ex

718 3661 1055 3762 potentia
1134 3661 1491 3740 sentiente
1583 3660 1670 3743 fit
1747 3661 2026 3741 animal
2119 3660 2287 3741 aeiu

723 3762 1043 3843 sentiens
1094 3787 1224 3864 per
1275 3761 1633 3842 sensibilia
1672 3819 1697 3859 ,
1750 3791 1793 3843 a
1843 3764 2111 3864 quibus
2138 3764 2289 3841 sen·

724 3863 840 3942 sus
898 3864 1381 3945 immutantur
1417 3922 1437 3940 .
1523 3868 1706 3944 Non
1757 3885 2002 3944 autem
2058 3865 2289 3967 potest

724 3967 876 4045 dici
931 3967 1263 4048 similiter
1317 3966 1598 4045 sensum
1654 3968 1804 4067 pati
1858 3994 1901 4045 a
1954 3967 2292 4062 sensibili,

717 4066 1233 4169 >ficut'patitur
1285 4066 1697 4148 intellefflus
1747 4073 1841 4149 ab
1863 4066 2287 4170 intelligibi-

727 4168 829 4255 1i;
882 4188 964 4248 ut
1018 4171 1108 4249 sic
1168 4172 1432 4251 sentire
1482 4171 1697 4272 possit
1768 4176 1908 4250 esi'e
1959 4172 2293 4274 operatio

725 4269 991 4347 animae
1093 4274 1360 4371 absque
1442 4296 1793 4370 corporeo
1866 4272 2291 4352 instrumen-

720 4383 806 4447 to
844 4421 871 4462 ‚
982 4368 1156 4451 sicut
1223 4373 1320 4451 est
1378 4372 1789 4475 intelligere
1828 4394 1890 4455 :³
1952 4399 2123 4451 nam
2180 4374 2291 4450 in·

722 4467 1058 4549 telleElus
1130 4476 1607 4573 apprehendit
1697 4501 1808 4556 res
1879 4477 1957 4554 in
2028 4473 2290 4553 abstra-

711 4569 972 4652 &ione
1061 4599 1103 4650 a
1176 4576 1482 4655 materia
1534 4629 1564 4672 ‚
1643 4576 1719 4655 8<
1788 4576 2293 4657 materialibus

726 4672 1276 4758 conditionibus
1322 4729 1349 4770 ‚
1423 4703 1582 4777 quae
1651 4676 2289 4773 sunt,individua-

725 4779 950 4858 tionis
1003 4777 1362 4878 principia
1415 4830 1460 4872 ‚-
1493 4800 1644 4855 non
1697 4802 1943 4861 autern
1997 4781 2282 4859 sensus:

647 4893 649 4896 ’
723 4881 922 4982 quod
991 4880 1276 4958 exinde,
1322 4886 1571 4979 ap'aret
1639 4883 1812 4978 quia
1884 4882 2118 4962 sensus
2190 4880 2288 4960 est

718 4981 1305 5086 particularium,
1334 4978 1747 5105 intellectus
1777 5008 1952 5101 verq
2003 4987 2291 5067 univer·

1403 377 1539 445 nr:
1600 377 2193 455 virumn-13
2236 381 2957 458 carnonen-
3018 341 3335 461 ι-ῐοέῐ

2414 495 2674 582 salium
2711 563 2731 581 .
2787 508 3010 587 Unde
3050 509 3265 607 patet
3312 509 3511 620 quod
3563 509 3798 591 sensus
3852 532 3978 610 pa·

2412 606 2693 685 tiuntur
2743 629 2787 684 a
2839 611 3089 705 rebus,
3144 611 3533 692 secundum
3587 616 3784 714 quod
3814 614 3983 692 sunt

2414 708 2495 785 in
2548 710 2858 787 materia
2909 761 2937 807 ‚
3010 735 3163 792 non
3212 730 3461 792 autem
3510 713 3922 794 intelle6⁷tus
3946 765 3979 805 ‚

2412 809 2530 888 sed
2607 812 2999 892 secundum
3071 816 3269 913 quod
3343 816 3507 897 sunt
3572 816 3978 896 abstraciae.‘

2411 912 2647 1009 Passio,
2719 913 2948 1014 igitur
3045 913 3462 998 intellectus
3527 919 3627 997 est
3705 919 3985 1019 absque
4064 949 4069 954 ·

2409 1014 2715 1092 materia
2784 1017 3147 1118 corporali
3199 1072 3235 1116 5
3298 1045 3451 1101 non
3517 1041 3768 1103 autem
3822 1020 3971 1122 pas-

2408 1109 2510 1195 fio
2562 1114 2798 1195 sensus
2826 1174 2846 1194 .

2514 1245 2579 1319 3.
2647 1216 2941 1298 Adhuc.
2999 1220 3291 1301 Diversi
3311 1222 3543 1303 sensus
3600 1225 3769 1304 sunt
3869 1248 3971 1303 er-

2405 1318 2682 1421 ceptivi
2734 1320 3188 1402 diversorum
3239 1323 3735 1424 sensibilium,
3791 1249 3971 1405 sicut

2403 1421 2599 1500 visus
2687 1420 3023 1502 colorum
3066 1478 3094 1519 ,
3182 1427 3475 1507 auditus
3586 1430 3967 1508 sonorum.

2407 1525 2579 1603 Haec
2646 1542 2894 1603 autem
2965 1521 3377 1608 diversitas
3416 1529 3796 1610 manifeste
3875 1556 3966 1628 ex

2401 1623 2869 1724 dispositione
2941 1649 3389 1728 organorum
3461 1631 3742 1711 diversa
3791 1658 3968 1712 con-

2400 1727 2685 1827 tingit:
2755 1749 2929 1806 narn
3003 1750 3362 1832 organum
3433 1732 3626 1813 visus
3674 1752 3968 1836 oportet

2399 1829 2536 1906 esse
2605 1830 2685 1907 in
2760 1831 3089 1930 potentia
3160 1836 3253 1912 ad
3317 1859 3576 1915 omnes
3638 1838 3987 1932 colores,

2399 1953 2760 2030 organum
2828 1934 3117 2014 auditus
3215 1937 3308 2014 ad
3372 1961 3632 2018 omnes
3703 1938 3954 2019 sonos.

2402 2033 2477 2113 Si
2529 2053 2775 2113 autem
2833 2033 2983 2114 haec
3036 2038 3359 2137 receptio
3433 2039 3645 2119 fieret
3691 2040 3959 2141 absque

2395 2159 2678 2234 organo
2704 2135 3113 2236 corporali,
3167 2143 3423 2218 eadem
3478 2143 3811 2239 potentia
3860 2143 3969 2221 es-'

2392 2237 2497 2315 set
2575 2238 2916 2318 omnium
2986 2236 3425 2319 sensibilium
3483 2243 3881 2345 susceptiva
3929 2270 3952 2321 :

2402 2361 2577 2415 narn
2673 2339 2905 2419 virtus
2999 2339 3512 2424 immaterialis
3592 2345 3662 2422 se
3739 2346 3961 2424 habet

2402 2439 2774 2538 aqualiter
2819 2492 2847 2534 ,
2900 2457 3276 2548 &quantum
3352 2447 3444 2521 de
3512 2445 3582 2522 se
3632 2444 3733 2523 est
3785 2501 3812 2542 ‚
3864 2448 3962 2527 ad

2394 2564 2655 2619 omnes
2734 2539 3148 2637 hujusmodi
3241 2545 3628 2644 qualitates
3663 2572 3696 2623 .·
3764 2549 3961 2624 unde

2401 2639 2811 2722 intellefins
2848 2697 2876 2739 ‚
2952 2642 3083 2741 qui
3164 2670 3316 2723 non
3388 2646 3622 2724 utitur
3673 2669 3955 2745 organo

2398 2742 2808 2843 corporali,
2859 2744 3112 2822 omnia
3151 2744 3511 2823 sensibilia
3559 2747 3957 2848 cognoscit.

2400 2846 2687 2927 Sentire
2737 2846 2966 2947 igitur
3022 2871 3177 2926 non
3225 2846 3311 2928 fit
3358 2847 3626 2949 absque
3677 2873 3958 2955 organo

2397 2972 2748 3048 corporeo
2770 3005 2793 3026 .

2499 3077 2572 3147 4.
2626 3053 2973 3128 Praeterea
3009 3106 3034 3129 .
3123 3047 3385 3128 Sensus
3455 3052 3949 3152 corrumpitur

2394 3149 2488 3227 ab
2540 3150 2972 3229 excellentia
3024 3149 3467 3231 sensibilium
3518 3207 3546 3249 ‚
3621 3179 3771 3232 non
3824 3180 3948 3233 au-

2396 3269 2547 3329 tem
2603 3250 3011 3331 intelleffius
3058 3280 3077 3328 ε
3152 3252 3328 3351 quia
3395 3254 3539 3354 qui*
3595 3254 3949 3354 intelligit

2397 3353 2660 3431 altiora
2743 3352 3330 3455 intelligibilium
3378 3408 3405 3448 ‚
3473 3381 3627 3434 non
3699 3357 3946 3439 minus

2396 3455 2666 3554 poterit
2682 3455 2826 3532 alia
2866 3455 3242 3555 speculari,
3268 3455 3388 3534 sed
3413 3457 3684 3556 magis.
3742 3458 3944 3537 Alte·

2390 3556 2538 3636 rius
2591 3556 2819 3674 igitur
2867 3558 3154 3655 generis
3204 3556 3302 3634 est
3344 3559 3565 3658 passio
3615 3559 3845 3637 sensus
3896 3585 3942 3638 a

2389 3658 2819 3754 senfib1li‚&
2869 3658 3284 3740 intelletum
3335 3661 3427 3736 ab
3462 3659 3944 3760 intelligibili.

2397 3759 2816 3839 IntelleRus
2884 3761 3183 3861 quidem
3261 3760 3481 3867 pasiio
3530 3759 3616 3838 fit
3668 3761 3945 3859 absque

2390 3886 2670 3961 organo
2717 3861 3138 3962 corporali3
3207 3859 3428 3961 passio
3478 3884 3656 3938 vero
3706 3860 3945 3944 sensus

2394 3976 2567 4041 eum
2617 3988 2896 4064 organo
2944 3963 3349 4064 corporali,
3400 3959 3604 4055 cuius
3654 3961 3944 4043 harmo-

2392 4064 2517 4242 ἷιία
2592 4065 2895 4145 solvitur
2973 4090 3100 4166 per
3181 4062 3627 4143 sensibilium
3710 4064 3942 4144 excel-

2421 4185 2696 4243 entiam
2718 4224 2738 4242 .

2495 4269 2722 4369 Quod
2771 4285 3019 4347 autem
3098 4268 3307 4348 Plato
3381 4266 3573 4346 dixit
3621 4265 3650 4365 (
3704 4268 3798 4346 X.
3849 4266 3959 4346 de·

2389 4368 2530 4470 leg.
2584 4370 2613 4467 )
2662 4368 2991 4447 animam
3044 4370 3181 4447 esse
3237 4385 3663 4449 moventem
3716 4367 3787 4447 se
3840 4367 3944 4469 ip·

2391 4471 2544 4551 sam
2584 4524 2609 4564 ‚
2683 4489 2967 4550 certum
3058 4474 3199 4550 ess'e
3266 4472 3555 4550 videtur
3639 4495 3733 4548 ex
3800 4470 3941 4550 hoc

2392 4575 2591 4674 quod
2642 4597 2815 4672 erga
2865 4598 3172 4673 corpora
3222 4590 3522 4674 apparet
3549 4628 3569 4648 .
3622 4571 3943 4651 Nullum

2392 4676 2593 4755 enim
2643 4700 2902 4775 corpus
2953 4676 3245 4754 videtur
3276 4698 3617 4769 movere,
3672 4673 3805 4751 nisi
3862 4671 3955 4754 sit

2391 4772 2682 4857 mo‘tum
2738 4804 2755 4853 ε
2832 4775 3024 4854 unde
3092 4778 3302 4857 Plato
3355 4777 3674 4876 ponebat
3719 4800 3949 4873 omne

2391 4904 2697 4958 movens
2750 4880 3029 4976 moveri
3065 4934 3090 4974 ‚
3141 4878 3442 4978 &quia
3479 4902 3631 4956 non
3686 4879 3831 4957 itur
3865 4877 3946 4954 in

2390 4980 2767 5063 infinitum
2814 5034 2841 5081 ‚
2892 4997 2978 5062 ut
3025 4980 3603 5084 unumqubdque
3650 4996 3951 5158 morunt:

2804 5146 2819 5161 .
3852 5106 3896 5158 a
