4597 5696
722 316 843 372 ,οι
1331 304 1465 367 DE
1525 297 2121 364 vssnm‘ATE
2177 287 2914 367 CATHOLICAE
2979 301 3299 376 mom

721 413 996 496 facere:
1056 405 1354 490 effeaux
1407 423 1662 486 autem
1706 399 1821 484 ab'
1855 402 2280 502 intelleclm

719 520 796 599 8<
845 515 1227 595 voluntate
1296 507 1618 606 sequitur
1691 508 2091 589 secundum
2161 510 2278 589 de-

719 615 1328 699 terminationem
1380 599 1855 709 intelleauS,
1903 609 1979 691 δι
2034 609 2309 711 impe--

718 724 919 801 rium
994 713 1400 798 voluntatis
1436 769 1493 802 .,
1534 714 1740 794 Sicut
1814 731 2063 793 autem
2151 736 2279 831 per

719 819 1190 912 intellectum
1258 815 1793 898 determinatur
1826 817 1936 895 rei
2009 810 2281 913 faesio,

715 927 794 1005 8<
845 945 1327 1026 quaecumque
1376 919 1525 998 alia
1575 919 1906 1000 conditio
1944 970 1973 1015 ‚
2023 918 2131 997 ita
2207 917 2284 999 &

717 1027 1208 1131 prascribitur
1287 1022 1360 1102 ei
1428 1038 1721 1122 tempus
1761 1050 1785 1101 :-
1851 1046 2002 1102 non
2078 1021 2284 1101 enim

719 1130 965 1211 solum
1015 1147 1130 1207 ars
1182 1124 1626 1209 determinat
1660 1141 1741 1204 ut
1794 1121 1935 1204 hoc
1970 1121 2118 1203 tale
2172 1122 2286 1218 fit,

719 1231 847 1315 sed
896 1250 978 1329 ut
1032 1248 1245 1312 tunc.
1277 1227 1365 1307 sit
1395 1282 1424 1323 ‚
1491 1226 1671 1306 ficut
1739 1225 2082 1316 Medicus
2122 1280 2151 1322 ‚
2199 1245 2285 1306 ut

717 1350 897 1416 tunc
946 1336 1158 1414 detur
1208 1347 1477 1432 potus:
1535 1328 1727 1408 unde
1779 1325 1847 1406 si-
1884 1323 2041 1424 ejus
2090 1328 2282 1416 velle

718 1459 855 1537 per
907 1437 978 1514 se
1027 1435 1199 1514 effet
1250 1432 1509 1510 efficax
1558 1432 1652 1509 ad
1702 1427 2042 1510 effestum
2116 1456 2279 1532 pro-

718 1538 1135 1617 ducendum
1172 1588 1201 1633 ‚
1253 1533 1669 1634 sequeretur
1720 1532 1810 1610 de
1859 1551 2060 1613 novo
2110 1531 2277 1612 effe-

714 1635 882 1719 Rus
964 1640 1061 1719 ab
1143 1638 1449 1738 antiqua
1536 1633 1918 1716 voluntate
1968 1689 1995 1730 ‚
2066 1636 2271 1714 nulla

714 1737 1013 1822 afflone
1059 1742 1154 1821 de
1203 1764 1405 1820 novo
1430 1735 1818 1817 existente.
1875 1737 2097 1817 Nihil
2136 1738 2273 1838 igi-⁸

712 1858 841 1926 tur
890 1844 1233 1946 prohibet
1282 1842 1523 1940 dicere
1568 1836 1945 1919 actionem
2000 1839 2146 1920 Dei
2167 1840 2277 1954 ‚ab

714 1962 995 2042 aterno
1045 1945 1250 2026 fuisse
1294 2000 1321 2042 ‚
1387 1940 1731 2025 effefflum
1797 1960 2049 2024 autem
2121 1968 2280 2042 ejus

716 2072 875 2129 non
924 2053 1025 2129 ab
1093 2065 1365 2130 aeterno
1394 2099 1425 2144 ‚
1494 2044 1612 2125 sed
1680 2062 1854 2126 tunc
1932 2071 2109 2126 cum
2179 2047 2278 2125 ab

721 2166 999 2229 aeterno
1047 2146 1433 2248 disposuit.
2114 2227 2119 2232 ,

826 2249 946 2327 Ex
994 2273 1147 2349 quo
1163 2248 1390 2327 etiam
1443 2261 1642 2345 patet
1663 2249 1860 2345 quod
1909 2246 2040 2325 etli
2077 2250 2282 2326 Deus

715 2346 810 2430 fit
836 2349 1200 2430 sufficiens
1249 2348 1457 2429 causa
1486 2346 1982 2447 productionis
2033 2371 2281 2446 rerum

717 2451 805 2533 in
856 2451 997 2533 esse
1014 2504 1043 2549 ‚
1094 2477 1248 2532 non
1297 2467 1548 2530 tamen
1564 2465 1856 2551 oportet
1906 2450 2104 2551 quod
2126 2447 2283 2546 ejus

718 2551 1022 2640 effeetus
1072 2570 1379 2635 aeternus
1426 2567 1740 2654 ponatur
1790 2578 1884 2633 oo
1935 2549 2283 2631 existente

717 2673 998 2746 eterno
1015 2710 1046 2755 ‚
1092 2673 1181 2738 ut
1233 2655 1448 2737 tertia
1497 2655 1690 2735 ratio
1758 2653 2242 2736 concludebat
2258 2708 2284 2731 .

718 2749 959 2843 Pofita
1008 2760 1219 2840 enim
1268 2757 1478 2839 causa
1527 2756 1937 2839 sufficiente
2085 2755 2287 2840 nitur

709 2862 878 2961 'cius
928 2861 1258 2943 effefius:
1314 2887 1467 2941 non
1515 2878 1794 2965 autem<
2030 2885 2114 2940 us
2163 2882 2286 2939 ex·

716 2978 1017 3055 craneus
1064 2990 1111 3042 a
1158 2965 1371 3042 causa
1409 2990 1429 3040 ε
1490 2962 1643 3043 hoc
1692 2962 1899 3042 enim
1961 2962 2137 3050 ‚effet
2186 2986 2282 3042 ex

721 3064 1242 3153 hisufficientia
1316 3063 1542 3144 causae
1583 3117 1613 3160 ‚
1678 3088 1766 3144 ac
1839 3064 1889 3143 si
1954 3061 2280 3144 calidum

718 3192 878 3246 non
926 3163 1391 3246 calefaceret.
1450 3166 1795 3266 Proprius
1818 3182 2066 3262 autem
2115 3162 2289 3247 effe·

719 3266 885 3351 Rus
931 3268 1334 3350 voluntatis
1399 3265 1500 3346 est
1570 3285 1654 3347 ut
1690 3266 1808 3353 ‚fit
1876 3267 2018 3350 hoc
2087 3268 2289 3368 quod

733 3371 1075 3453 voluntas
1123 3371 1319 3450 vult.
1374 3369 1452 3451 Si
1505 3386 1753 3451 autem
1779 3368 2059 3471 aliquid
2081 3369 2288 3450 aliud

722 3475 898 3555 esset
948 3499 1173 3575 quam
1225 3471 1564 3554 voluntas
1613 3472 2012 3567 velit,non
2064 3495 2284 3571 pone·

721 3592 927 3671 retur
975 3576 1271 3656 effeetus
1294 3576 1624 3675 proprius
1654 3574 1927 3670 causa,
1977 3573 2095 3655 sed
2108 3573 2288 3658 alic·

725 3703 865 3758 nus
915 3680 1009 3757 ab
1075 3702 1161 3757 ea
1192 3733 1215 3754 .
1297 3679 1659 3758 Voluntas
1726 3693 1976 3757 autem
2010 3729 2041 3772 ‚
2108 3674 2289 3759 sicut

724 3778 1012 3860 dictum
1054 3779 1207 3874 est,
1255 3777 1438 3858 sicut
1484 3778 1650 3860 vult
1700 3776 1841 3858 hoc
1892 3780 2031 3857 effe
2082 3778 2280 3877 tale,

725 3880 834 3961 ita
884 3878 1050 3960 vult
1099 3881 1241 3960 hoc
1293 3880 1431 3959 effe
1483 3880 1909 3974 tunc3unde
1956 3895 2277 3980 oportet,

723 3984 819 4065 ad
869 3982 1012 4064 hoc
1079 3983 1278 4086 quod
1349 3981 1686 4063 voluntas
1760 3981 1849 4062 sit
1921 3980 2286 4063 sufficiens

723 4086 938 4168 causa
972 4140 1000 4186 ,
1102 4086 1249 4167 uod
1298 4080 1595 4166 effeetus
1661 4083 1749 4166 sit
1868 4086 2110 4165 uando
2158 4110 2279 4166 vo-

726 4185 971 4268 luntas
1021 4214 1063 4268 e
1174 4204 1259 4269 ut
1308 4186 1438 4284 sit,
1489 4186 1565 4266 8<
1610 4211 1810 4289 quan
1859 4214 1909 4265 o
1942 4185 2283 4266 voluntas

725 4287 1076 4369 effeaum
1126 4293 1269 4369 effe
1317 4288 1710 4391 disposuit.
1764 4291 1854 4369 In
1871 4287 1986 4368 his
2034 4306 2284 4367 autem

724 4413 889 4491 quat
941 4413 985 4467 a
1034 4391 1245 4470 causa
1292 4390 1727 4479 naturaliter
1791 4416 1835 4470 a
1890 4404 2057 4469 ente
2131 4408 2293 4487 pro·

727 4493 1000 4577 cedunt
1023 4543 1053 4589 ‚
1103 4490 1304 4576 secus
1353 4492 1453 4579 est
1468 4546 1497 4596 ‚
1545 4494 1721 4611 quia
1894 4491 1970 4571 io
2016 4505 2295 4572 nanrrae

729 4594 836 4675 est
889 4594 1282 4675 secundum
1332 4596 1533 4696 quod
1583 4596 1735 4699 ipsa
1786 4592 1937 4675 est:
1987 4593 2290 4673 undead

727 4697 870 4777 effe
954 4695 1179 4779 oeusae
1265 4698 1471 4798 sequi
1536 4713 1834 4797 oportet
1898 4692 2248 4776 effeaum
2267 4752 2287 4773 .

735 4798 1108 4883 Voluntas
1157 4813 1408 4880 autem
1456 4798 1618 4984 afit
1665 4824 1821 4878 non
1898 4798 2296 4878 secundum

732 4899 1453 5004 modumsuiess'n
1533 4899 2295 4997 edsecmidummo-

2381 408 2563 486 dum
2614 408 2721 486 sui
2772 408 3117 511 propositi
3158 437 3176 486 ε
3264 412 3340 492 &
3393 413 3562 496 ideo
3612 413 3791 500 sicut
3860 418 3964 501 ef·

2380 507 2614 591 sectus
2664 511 3014 591 naturalis
3064 515 3348 614 agentis
3419 517 3738 618 sequitur
3818 524 3965 605 esse

2379 612 2709 712 agentis,
2758 607 2811 692 si
2863 611 2949 693 sit
3002 613 3362 700 sufficiens
3408 645 3435 712 3
3486 620 3590 701 ita
3641 621 3961 712 effectus

2381 714 2666 815 agentis
2718 740 2851 817 per
2874 717 3332 802 voluntatem
3363 776 3392 817 ‚
3443 720 3764 823 sequitur
3789 752 3964 812 mo-

2384 819 2561 896 dum
2613 817 3010 919 propositi.

2491 922 2608 999 Ex
2660 919 2776 1036 his
2825 921 3054 1002 etiam
3132 941 3335 1024 patet
3409 928 3610 1027 quod
3684 927 3957 1015 divina

2383 1021 2789 1103 voluntatis
2861 1049 3014 1103 non
3114 1031 3516 1109 retardatur
3585 1029 3904 1114 effeetus
3930 1087 3959 1132 ‚

2383 1125 2724 1305 genamvis
2758 1151 2909 1204 non
2932 1125 3217 1230 semper
3269 1130 3490 1210 fuerit
3510 1186 3534 1228 ‚
3565 1132 3958 1217 voluntate

2528 1251 2621 1307 eo
2668 1227 3058 1325 existente,
3112 1250 3195 1313 ut
3245 1253 3502 1335 quarta
3556 1235 3751 1318 ratio
3785 1262 3955 1338 pro-

2384 1331 2751 1429 ponebat.
2808 1332 3016 1412 Nam
3071 1332 3639 1416 sub'voluntate
3690 1337 3953 1434 divim

2375 1432 2576 1510 cadit
2624 1455 2780 1514 non
2831 1430 3070 1512 solum
3150 1439 3348 1536 quod
3422 1436 3578 1534 ejus
3649 1438 3952 1523 effectum

2375 1530 2464 1613 fit
2510 1587 2537 1630 ‚
2590 1533 2707 1613 sed
2756 1536 2958 1635 quod
3010 1551 3189 1616 tunc
3262 1537 3348 1620 fit
3387 1595 3407 1618 .
3483 1544 3651 1622 Hoc
3727 1543 3956 1642 igitur

2374 1634 2694 1714 volitum
2711 1637 2913 1737 quod
2961 1635 3066 1717 est
3115 1657 3290 1719 tunc
3313 1658 3724 1723 creaturam
3777 1647 3948 1741 effe,

2376 1764 2532 1818 non
2608 1740 3079 1820 retardatur:
3149 1743 3325 1841 quia
3414 1763 3590 1825 tunc
3673 1746 3955 1848 incepit

2377 1857 2709 2033 effatum
2759 1843 2903 1921 effe
2952 1845 3250 1945 quando
3303 1852 3509 1931 Deus
3559 1851 3655 1930 ab
3677 1867 3952 1930 aeterno

2485 1965 2585 2045 po
2615 1963 2727 2023 uit
2748 1998 2770 2020 .

2485 2048 2671 2126 Non
2722 2044 2825 2126 est
2876 2061 3125 2129 autem
3180 2067 3354 2131 ante
3404 2051 3631 2134 totius
3666 2066 3949 2134 cream-

2381 2171 2480 2225 rae
2532 2147 3084 2229 inchoationem
3110 2150 3599 2234 diversitatem
3619 2155 3948 2254 aliquam

2383 2248 2709 2363 partium
2758 2247 3067 2345 alicujus
3118 2252 3526 2334 durationis
3558 2255 3896 2354 accipere
3925 2308 3955 2353 ,

2381 2368 2468 2430 ut
2536 2374 2621 2427 m
2685 2348 2946 2448 quinta
3013 2352 3297 2432 ratione
3364 2355 3903 2456 supponebatur
3923 2412 3946 2435 .

2384 2450 2596 2530 Nam
2648 2449 2839 2529 nihil
2857 2452 3272 2532 mensuram
3324 2479 3476 2535 non
3530 2457 3949 2553 habet,nec

2385 2551 2853 2669 durationem
2875 2609 2895 2630 .
2948 2554 3100 2634 Dei
3124 2571 3373 2635 autem
3425 2558 3716 2639 duratio
3735 2614 3764 2655 ‚
3784 2584 3949 2659 quae

2386 2650 2488 2733 est
2538 2670 2944 2750 aetemitas,
2994 2681 3149 2738 nou
3197 2657 3422 2740 habet
3475 2677 3712 2757 partes
3748 2713 3775 2756 ,
3828 2659 3947 2739 sed

2383 2753 2487 2835 est
2535 2753 2843 2858 simplex
2856 2757 3169 2838 omnino
3184 2814 3212 2856 ,
3262 2783 3415 2839 non
3432 2759 3706 2842 habens
3723 2760 3952 2864 prius,

2381 2859 2460 2939 &
2509 2857 2902 2960 posterius,
2920 2885 3096 2941 cum
3146 2865 3354 2942 Deus
3402 2862 3491 2941 fit
3507 2862 3959 2961 immobilis,

2381 2975 2465 3042 ut
2536 2958 2619 3039 in
2686 2961 2935 3063 primo
3013 2962 3045 3059 (
3134 2964 3299 3044 Lib.
3369 2990 3531 3065 cap.
3611 2988 3839 3047 xur.
3912 2966 3948 3066 )

2382 3061 2743 3143 ostensum
2794 3062 2936 3143 est.
2990 3064 3178 3146 Non
3229 3064 3330 3145 est
3381 3067 3610 3167 igitur
3650 3092 3950 3168 compa-

2386 3188 2548 3243 rare
2598 3164 3153 3246 inchoationem
3205 3170 3434 3249 totius
3482 3188 3825 3251 creaturae
3854 3169 3949 3251 ad

2387 3267 2638 3385 aliqua
2687 3266 2967 3349 diversa
2985 3267 3260 3369 signata
3313 3271 3396 3350 in
3446 3272 3693 3390 aliqua
3729 3268 3986 3391 praei

2379 3366 2694 3449 xistente
2765 3368 3101 3451 mensum
3139 3426 3166 3469 ,
3236 3374 3328 3455 ad
3400 3399 3563 3476 quae
3636 3375 3950 3458 initium

2383 3487 2882 3554 creaturarum
2932 3472 3266 3556 similiter
3301 3526 3329 3572 ,
3376 3475 3454 3554 8<
3503 3475 3950 3558 dissimiliter

2389 3572 2462 3654 se
2493 3575 2703 3675 possit
2755 3575 3067 3671 habere,
3088 3592 3172 3656 ut
3220 3593 3557 3676 oporteat
3581 3576 3950 3657 rationem

2387 3676 2531 3755 effe
2578 3675 2772 3779 apud
2823 3693 3173 3791 agentem
3224 3700 3450 3790 quare
3520 3676 3602 3755 in
3671 3676 3814 3757 hoc
3866 3675 3946 3756 sx-

2380 3793 2611 3879 gnato
2660 3777 2864 3857 illius
2928 3777 3334 3856 duratioms
3403 3794 3811 3856 creaturam
3867 3778 3949 3857 in

2380 3880 2521 3958 esse
2573 3878 2993 3980 produxerit
3023 3930 3053 3970 ‚
3103 3876 3178 3955 &
3226 3901 3380 3955 non
3432 3879 3514 3957 in
3564 3879 3716 3959 alio
3771 3904 3949 3980 prae-

2384 3980 2720 4076 cedenti‚
2768 3977 2891 4058 vel
2945 3977 3276 4079 sequenti
3327 4006 3346 4057 :
3402 4004 3565 4081 quae
3690 3981 3943 4061 uidem

2383 4082 2590 4162 ratio.
2624 4080 3112 4182 requireretur
3143 4134 3172 4175 ,
3220 4079 3278 4161 si
3329 4083 3576 4185 aliqua
3696 4083 3946 4163 uratio

2390 4185 2471 4269 in
2524 4200 2761 4285 partes
2810 4181 3209 4263 divisibiles
3260 4186 3435 4265 esset
3507 4204 3766 4287 praeter
3838 4202 3950 4266 to-

2387 4302 2543 4366 tam
2595 4299 3003 4365 creaturam
3106 4283 3488 4366 rodustam
3528 4314 3554 4380 ς
3606 4286 3789 4367 sicut
3838 4311 3956 4368 ac·

2394 4385 2582 4469 cidit
2632 4388 2715 4467 in
2765 4386 3000 4488 partic
3122 4387 3324 4467 ribus
3406 4388 3796 4489 agentibus
3834 4441 3866 4487 ,
3909 4412 3959 4469 a

2392 4487 2660 4593 quibus
2712 4488 3136 4608 producitur
3185 4488 3483 4572 effenm
3535 4491 3619 4571 in
3671 4508 3960 4592 tempo-

2390 4607 3039 4777 {mair-:2
3067 4592 3713 4797 affigens..
3750 4598 3961 4776 ¹3ae

2392 4814 2682 4892 turam,
2729 4796 2808 4876 8<
2857 4810 3148 4898 tempus
3190 4853 3211 4875 .
3285 4799 3470 4877 Non
3542 4793 3648 4876 est
3724 4817 3959 4898 lgitur

2392 4898 2588 4984 ratio
2634 4906 2862 5021 quare
2910 4923 3113 4986 nunc
3159 4898 3238 4984 δι
3284 4922 3445 5011 non
3512 4897 3721 5009 prius
3761 4895 3950 5082 ,1ιέτὲ

4559 2149 4571 2422 .“---ὰ--..-..
4563 2093 4571 2110 Α.
4567 1991 4571 2012 -..
4567 1831 4571 1846 -
4559 1707 4571 1738 Α.
4567 1589 4571 1663 -.-.

4553 2858 4569 3271 Δ*-.--ἡι.-μμλ-Α-
4567 2815 4568 2822 ᾼ
