4597 5696
701 338 830 402 270·
1312 319 1454 383 m:
1517 317 2110 392 νεκιτΑτΕ
2163 299 2877 392 cnr-nomen
2936 320 3249 387 rrum

695 445 783 503 ro
835 422 1037 519 solo,
1110 418 1443 522 alioquin
1517 425 1592 505 8<
1645 423 1983 507 homines
2038 428 2275 530 specie
2382 449 2635 512 manet
2689 431 3077 512 substantia
3112 431 3423 524 eadem,
3473 425 3649 511 ficut
3699 439 3961 514 manet

693 525 1069 606 differrent
1118 583 1137 601 .
1213 525 1648 606 Differentia
1722 547 1969 607 autem
2028 531 2275 611 secun·
2378 533 2459 612 in
2511 534 2626 613 his
2678 561 2839 634 quae
2860 535 3293 614 ..secundum
3343 531 3593 611 locum
3644 559 3952 613 moven-

690 630 870 707 dum
924 653 1318 705 numerum
1374 629 1551 706 inest
1623 630 2016 711 secundum
2070 634 2269 733 prin·
2374 656 2539 714 tur.
2613 638 2752 717 Sed
2825 635 2874 715 st
2928 662 3072 715 una
3140 635 3394 714 anima
3445 633 3743 713 diverfis
3792 663 3948 715 cor-

689 729 881 829 cipia
933 729 1348 809 materialia
1389 789 1406 807 .
1480 733 1806 831 Oportet
1868 734 2097 834 igitur
2165 737 2270 815 di·
2374 738 2675 837 poribus
2743 738 3106 840 generatis
3175 736 3428 816 unitur
3509 735 3887 816 successive
3915 792 3943 834 ,
4068 759 4079 768 ·

687 830 1099 911 verfitatem
1149 832 1567 911 animarum
1621 834 2108 916 humanarum
2164 839 2260 915 se·
2368 831 2636 920 redibit
2706 841 2902 922 idem
2975 863 3290 920 numero
3362 837 3595 917 homo
3643 863 3774 939 per
3826 864 3954 939 gee

686 933 1010 1016 cundum
1063 933 1750 1035 aliquidmateriale
1807 937 2032 1016 sumi.
2077 944 2260 1018 Non

683 1052 931 1115 autern
989 1037 1091 1115 ita
1142 1039 1337 1137 quod
1391 1036 1604 1136 ipsius
1657 1039 1921 1118 animae
1977 1040 2059 1120 lit
2109 1067 2257 1124 ma·

684 1137 870 1217 teria
954 1163 1170 1238 pars:
1214 1205 1223 1212 .
1276 1138 1633 1216 ostensum
1739 1142 1943 1218 enim
2050 1144 2260 1242 supra

682 1241 714 1331 (
763 1265 919 1339 cap.
973 1239 1020 1318 l.
1079 1239 1353 1340 )-quod
1404 1239 1505 1318 est
1560 1238 1949 1323 substantia
1976 1245 2257 1325 intelle-

679 1337 941 1421 &ualis
972 1391 999 1437 ‚
1069 1343 1142 1422 &
1192 1344 1424 1442 quod·
1460 1341 1660 1421 nulla
1729 1345 1896 1423 talis
1950 1347 2261 1427 substan·

676 1439 784 1522 tra
836 1445 1226 1525 materiam
1263 1443 1519 1522 habet.
1577 1445 2056 1548 Relinquitur
2077 1475 2274 1552 ergo·

677 1547 880 1645 quod
932 1546 1327 1628 secundum
1380 1546 1722 1626 ordinem
1790 1550 1883 1629 ad
1949 1552 2264 1638 diversas

677 1645 1023 1726 materias
1059 1701 1087 1743 ,
1153 1648 1419 1748 quibus
1493 1647 1758 1729 animae
1850 1653 2254 1752 uniuntur,

674 1748 1048 1832 diversitas
1090 1802 1116 1844 ‚
1207 1749 1282 1827 δε
1370 1749 1742 1850 pluralitas
1833 1757 2251 1835 animarum

672 1850 1054 1946 sumatur,
1105 1873 1198 1929 eo
1250 1855 1477 1956 modo
1510 1877 1662 1954 quo
1712 1854 1791 1933 su
1842 1882 1920 1934 ra
1972 1858 2255 1938 diE‘cum

672 1952 774 2032 est
810 2011 828 2029 .
909 1953 987 2034 Si
1040 1953 1267 2053 igitur
1338 1954 1501 2035 sunt
1569 1956 1854 2035 divera
1901 1986 2257 2061 corpora,

670 2057 958 2139 necesse
1006 2055 1106 2133 est
1159 2058 1362 2172 quod
1413 2057 1733 2138 habeant
1766 2062 2077 2142 diversas
2107 2065 2256 2143 ani·

670 2181 831 2234 mas
886 2155 1016 2235 fibi
1071 2179 1358 2240 unitas:
1404 2183 1557 2238 non
1608 2161 1846 2260 igitur
1897 2191 2044 2243 una
2093 2166 2255 2268 plu·

672 2259 877 2341 ribus
928 2262 1180 2346 unitur
1212 2319 1230 2339 .

779 2388 849 2442 2.
952 2361 1218 2444 Adhuc
1254 2421 1273 2444 .
1366 2362 1762 2444 Ostensum
1852 2367 1953 2445 est
2043 2369 2251 2468 supra

674 2457 705 2560 (
757 2489 841 2544 ca
896 2520 914 2540 .
968 2461 1173 2546 1v11.
1227 2464 1255 2564 )
1324 2466 1658 2545 animam
1712 2469 1906 2547 uniri
1958 2472 2251 2569 corpori

670 2579 755 2645 ut
856 2587 1144 2649 ormam
1186 2623 1205 2645 .
1280 2568 1584 2648 Formas
1634 2588 1882 2649 autem
1960 2590 2249 2672 oportet

674 2667 812 2746 effe
864 2667 1179 2777 propriis
1230 2669 1560 2751 materiis
1585 2675 2252 2776 *proportionatam

667 2781 842 2851 cum
900 2771 975 2850 se
1023 2770 1339 2852 habeant
1388 2773 1843 2857 adinvicem
1897 2774 2072 2857 ficut

673 2874 906 2953 tentia
928 2928 954 2967 ‚
991 2874 1076 2953 ἃ
1101 2874 1304 2957 aelus
1328 2888 1365 2951 ε’
1398 2878 1734 2977 proprius
1761 2895 2013 2959 autem
2167 2908 2249 2961 us

667 2976 985 3077 propriae
1039 2979 1385 3078 potentiae
1440 2978 1822 3078 respondet
1844 3035 1863 3055 .
1922 2984 2103 3063 Non
2140 3007 2247 3060 er·

668 3102 798 3193 go‘
843 3102 991 3156 una
1075 3081 1325 3163 anima
1398 3079 1731 3182 pluribus
1817 3083 2246 3181 corporibus

667 3196 924 3262 unitur
951 3239 969 3263 .
1993 3220 1998 3227 ’

776 3308 842 3384 3.
939 3281 1290 3382 Amplius
1333 3337 1352 3359 .
1446 3280 1826 3365 Virtutem
1937 3282 2250 3364 motoris

649 3390 965 3485 *oportet
1015 3385 1154 3462 effe
1225 3382 1353 3466 suo
1404 3385 1671 3465 mobili
1737 3385 2244 3486 proportiona-

668 3501 877 3572 tam:
950 3511 1105 3571 non
1174 3486 1380 3567 enim
1454 3510 1937 3588 quaecnmque
2009 3490 2241 3569 virtus

666 3604 928 3669 movet
979 3590 1494 3689 quodcumque
1569 3589 1852 3667 mobile
1881 3648 1899 3668 .
1957 3591 2242 3671 Anima

667 3705 917 3771 autem
988 3689 1115 3777 etsi
1190 3714 1341 3773 non
1407 3689 1493 3767 {it
1561 3687 1800 3773 forma
1845 3692 2175 3791 corporis
2213 3746 2243 3789 ‚

667 3798 822 3869 'non
891 3807 1142 3868 mmen
1213 3787 1441 3888 potest
1510 3791 1658 3871 dici
1697 3847 1725 3885 ‚
1801 3795 2003 3892 qnod
2080 3808 2236 3873 non
2352 3830 2360 3838 ·

664 3889 757 3973 fit
807 3909 1053 3978 motor
1097 3891 1363 3992 ipsius:
1419 3892 1831 3977 animatum
1863 3897 2234 3990 autemab

665 3991 1083 4079 inanimato
1134 3993 1644 4097 distinguimus
1679 3993 1925 4092 sensu,
1976 3998 2235 4077 &mo-

2364 944 2830 1022 nerationem
2874 971 2906 1019 .·
2975 944 3173 1042 quod
3243 937 3639 1019 secundum
3709 940 3947 1021 Plato-

2364 1068 2538 1122 nem
2590 1045 2678 1124 de
2730 1044 3150 1124 ‘neceffitate
3206 1041 3527 1142 sequitur
3554 1096 3583 1138 ‚
3652 1043 3785 1143 qui
3837 1042 3951 1134 di·¹

2363 1146 2477 1225 xit
2510 1200 2537 1238 ‚
2591 1146 2974 1226 hominem
3047 1146 3183 1224 esse
3250 1143 3589 1236 animam⁴
3632 1169 3942 1246 corpore

2363 1247 2656 1330 induta
2735 1278 2755 1340 ·,
2824 1248 3147 1348 sequitur
3194 1249 3427 1334 etiam
3498 1245 3574 1324 8<
3616 1246 3979 1345 maliis»-

2363 1351 2639 1449 quibus
2797 1376 2942 1452 que
2983 1376 3007 1439 ς
3076 1348 3254 1451 quia
3301 1371 3479 1426 cum
3531 1348 3773 1429 unitas
3823 1347 3947 1427 rei.

2366 1452 2702 1553 sequatur
2755 1452 3072 1540 formam
3096 1507 3123 1548 ‚
3164 1450 3354 1530 sicut
3381 1449 3457 1528 8<
3483 1449 3669 1546 effe,
3717 1475 3941 1552 opor-

2366 1573 2471 1634 tet
2524 1558 2723 1656 quod
2778 1554 2905 1633 illa
2960 1553 3094 1634 fint
3146 1551 3347 1634 idem
3395 1573 3709 1632 numero
3756 1577 3941 1650 quo-

2357 1682 2520 1736 rum
2573 1657 2673 1736 est
2729 1656 2966 1740 forma
2993 1679 3304 1736 numero
3335 1656 3518 1735 una.
3575 1656 3762 1737 Non
3793 1643 3947 1754 igi-⁸

2361 1778 2480 1838 tur
2529 1758 2630 1842 est
2682 1759 3013 1861 poffibile
3042 1782 3267 1846 unam
3317 1756 3652 1842 annnam
3702 1756 3941 1844 diver·‚

2361 1860 2447 1940 fis
2513 1863 2940 1963 corporibus
2990 1860 3187 1942 uniri
3225 1887 3256 1937 .·
3326 1882 3420 1937 ex
3500 1883 3653 1959 quo
3702 1857 3937 1940 etiam

2360 1964 2684 2063 sequitur
2768 1965 2969 2066 quod
3057 1986 3195 2044 nec
3280 1960 3550 2042 anima
3635 1957 3935 2040 fuerunt

2358 2085 2529 2146 ante
2578 2091 2881 2168 corpora
2903 2125 2923 2145 .
3470 2095 3543 2154 ρ
3608 2113 3611 2118 —

2466 2168 2665 2252 Huic
2689 2190 2941 2249 autem
2973 2163 3321 2261 veritati,
3355 2162 3735 2245 catholicae
3761 2158 3932 2243 fidei

2360 2270 2719 2349 sententia
2767 2273 3198 2352 concordat:
3272 2268 3541 2348 dicitur
3591 2266 3801 2356 enim
3852 2265 3934 2342 in

2359 2371 2461 2449 Ps.
2515 2399 2700 2450 xxxr
2724 2399 2781 2450 1.
2830 2398 2940 2470 ις.
2997 2372 3154 2473 ‚Qui
3186 2368 3430 2464 finxit
3460 2364 3929 2468 singillatim

2350 2473 2566 2552 corda
2614 2499 2910 2552 corum:
2958 2473 3133 2573 quia
3188 2470 3468 2550 scilicet
3521 2467 3924 2566 unicuique

2352 2574 2667 2654 seorsum
2723 2573 3014 2673 proprie
3071 2578 3269 2652 Deus
3320 2570 3664 2682 animam·
3706 2565 3925 2660 fecit3

2353 2702 2506 2756 non
2554 2695 2804 2754 autem
2856 2674 3067 2755 simul
3117 2698 3378 2760 omnes
3431 2687 3754 2781 creavit,
3791 2691 3924 2783 nee

2355 2803 2582 2858 unam
2650 2775 2944 2858 diver-fis
3025 2774 3455 2876 corporibus
3546 2771 3926 2884 adjunxit..

2357 2882 2559 2962 Hinc
2612 2881 2840 2961 etiam
2898 2880 2975 2956 in
3031 2878 3263 2958 Libro
3340 2877 3431 2954 de
3487 2870 3969 2987 Ecc19fi2st1··

2352 2984 2462 3064 cis
2512 2981 2987 3082 dogmatibus
3039 2975 3067 3078 (
3119 3004 3276 3081 cap.
3311 3001 3483 3057 x1v.
3537 2974 3565 3073 )
3617 2975 3925 3053 dicitur:

2353 3083 2673 3171 Animas
2735 3080 3111 3162 hominum
3185 3080 3495 3161 dicimus
3580 3103 3724 3155 non
3793 3073 3967 3169 effe-

2351 3190 2440 3268 ab
2496 3184 2718 3267 initio
2771 3184 2973 3265 inter
3040 3205 3333 3263 caeteras
3387 3176 3921 3266 intelleflualcs

2355 3310 2663 3368 naturas
2679 3344 2710 3385 ‚
2729 3315 2859 3369 nec
2891 3283 3130 3389 stmul
3180 3305 3458 3364 creatas
3475 3336 3502 3377 ‚
3514 3277 3711 3382 stent
3765 3277 3926 3357 Ori-

2351 3418 2577 3492 genes
2587 3387 2866 3487 finxit.
2919 3388 3136 3489 (Lib.
3163 3391 3217 3468 Ι.
3259 3384 3566 3467 Periarc.
3589 3406 3746 3482 cap.
3769 3406 3850 3464 vr
3870 3408 3916 3466 ιΔ

2573 3543 2650 3609 0
2712 3544 2777 3607 A
2859 3541 2911 3605 P
2997 3530 3204 3605 U'T
3329 3536 3693 3601 Lxxxlv.

2425 3681 2472 3742 5
2471 3677 2639 3741 olatio
2679 3676 2961 3739 rationum
3001 3695 3193 3834 ῗητνα
3242 3671 3578 3755 superiorem
3621 3666 3836 3730 conclu-

3028 3777 3202 3818 tonem
3227 3793 3247 3813 .

2555 3886 2868 3971 Ationes
2917 3901 3164 3964 autern
3215 3881 3483 3981 quibus
3534 3877 3911 3977 probatur,

2601 3992 2887 4073 animas
2964 3989 3058 4065 ab
3129 4000 3404 4065 aeterno
3473 3980 3677 4059 fuisse
3704 4034 3735 4074 ,
3784 3975 3911 4059 vel

662 4111 750 4175 tu
776 4155 796 4171 .
851 4099 1173 4198 Oportet
1243 4098 1470 4198 igitur
1535 4097 1935 4181 secundnm
2002 4102 2235 4180 diver-
2337 4072 2596 4179 saltem
2656 4091 3086 4196 corporibus
3139 4084 3647 4188 praeextitiffe,
3699 4079 3915 4185 facile

661 4194 958 4283 fitatern
1047 4224 1442 4301 corporum
1477 4200 1661 4285 lesse
1754 4200 2273 4287 diverfintem·

661 4297 1087 4409 animarum
1114 4358 1132 4381 .
1631 4366 1638 4373 -

773 4423 846 4496 -4,
908 4402 1097 4477 item
1135 4455 1153 4475 .
1213 4403 1301 4478 In
1351 4402 1468 4483 his
1520 4428 1680 4503 quoe
1747 4421 2248 4507 generantur,

657 4499 748 4582 ὃ(
793 4520 1408 4603 corrumpuntur,
1458 4505 1900 4608 impoffibile
1963 4508 2068 4611 est
2119 4535 2249 4609 per

661 4601 1233 4704 'generationem
1281 4606 1606 4693 reitetai
1663 4608 1870 4695 idem
1891 4635 2246 4696 numero:

671 4732 849 4796 cum
921 4706 1126 4793 enim
1187 4707 1638 4806 generatio,
1703 4712 1789 4793 8<
1865 4715 2249 4814 corruptio

661 4804 761 4887 fit
816 4822 1061 4893 motus
1109 4811 1193 4901 in
1245 4806 1714 4890 fubssmtiam
1781 4814 1860 4893 in
1909 4814 2242 4920 hisquae

653 4922 1191 5059 gemaer«,
1239 4910 1329 5003 ἃ
1388 4932 2024 5019 commune,
2085 4944 2247 5049 nep
2336 4913 2781 5023 poffibffitas
2847 4908 3351 5025 mamae&
3387 4902 3664 5029 haber.

2349 4195 2456 4283 est
2507 4195 2783 4279 solvere
2817 4250 2837 4270 .
3689 4284 3707 4302 ⁶

2454 4299 2686 4400 Quod
2736 4296 2938 4376 enim
2962 4292 3208 4394 primo
3231 4288 3542 4383 dicitur,
3590 4308 3918 4366 ammam

2349 4399 2619 4487 habere
2670 4398 3024 4479 virtutem
3075 4416 3159 4474 ut
3212 4396 3296 4474 su·
3369 4393 3699 4492 semper,
3750 4413 3921 4468 con-

2346 4504 2514 4585 cedi
2584 4517 2876 4602 oportet
2911 4555 2933 4575 .
3004 4499 3145 4578 Sed
3213 4495 3590 4591 sciendum
3625 4547 3656 4589 ‚
3724 4478 3923 4591 quod

2348 4606 2634 4698 virum,
2684 4604 2757 4685 8<
2804 4602 3137 4703 potentia
3190 4600 3297 4678 rei
3345 4622 3501 4677 non
3555 4594 3622 4674 se
3674 4611 3921 4685 exten-

2346 4711 2464 4793 dit
2513 4708 2607 4789 ad
2662 4707 2737 4785 id
2787 4703 2990 4806 quod
3041 4701 3228 4795 fuitz,
3282 4700 3399 4779 sed
3444 4699 3537 4777 ad
3591 4696 3673 4777 id
3725 4692 3923 4811 quod

2346 4812 2447 4895 est
2478 4864 2505 4904 ‚
2583 4808 2701 4891 vel
2748 4807 2949 4892 erit.-
3018 4805 3212 4885 unde
3278 4802 3355 4882 8<
3407 4801 3487 4879 in
3540 4816 3923 4981 ρτκῑῖἶιῑιε

3816 4922 3919 4978 on

3784 5024 3921 5101 igr·
