4597 5696
666 387 692 432 a
742 374 784 430 4

646 383 774 555 etit
825 470 1098 552 duabus
1176 474 1507 555 candelis
1583 476 1775 578 ignis
1848 471 1947 551 est
2016 473 2224 554 causa

646 575 979 657 lucendi.
1038 572 1203 650 Esse
1255 594 1505 654 autem
1556 581 1830 658 dicitur
1896 579 1984 654 de
2006 577 2222 655 omni

646 691 741 756 eo
790 675 985 776 quod
1038 672 1138 750 est
1185 734 1203 752 .
1287 680 1748 780 Impossibile
1820 676 1921 757 est
1992 678 2227 778 igitur

1272 357 1449 443 ‘DE
1515 353 2087 422 vl-:Rl‘rA'rE
2147 358 2880 431 CATHOLICAE
2943 368 3268 439 F21DE1

2323 472 2481 550 sum
2534 469 2637 548 est
2688 528 2707 548 .
2767 473 2923 573 Ipse
2967 475 3194 574 igitur
3247 476 3346 554 est
3396 478 3601 558 eausa
3650 482 3894 563 omni‘

2327 597 2458 653 um
2509 574 2600 655 de
2653 575 2924 673 quibus
2977 601 3106 657 ens
3160 579 3592 678 praedicatur
3642 641 3660 660 .

2439 704 2503 775 3.
2561 677 2866 758 Adhuc.
2914 683 3343 760 Secundum
3388 682 3722 760 ordinem
3748 686 3917 765 effe-

644 781 787 856 effe
837 777 1083 874 aliqua
1136 779 1282 858 duo
1327 800 1649 881 quorum
1713 797 2059 860 neutrum
2106 781 2226 857 ha·
2329 775 2587 855 &uum
2657 798 2964 877 oportet
3057 786 3197 859 efl'e
3266 785 3601 861 ordinem
3683 789 3918 866 causa-

641 881 815 960 beat
893 878 1182 958 causam
1250 886 1516 964 elsendi
1570 914 1593 981 3
1709 883 1832 962 sed
1933 897 2235 983 oportet
2338 898 2556 971 rum,
2609 905 2701 956 eo
2753 886 2953 982 quod
2985 884 3288 963 effe6tus
3316 886 3542 964 Causls
3584 887 3724 965 suis
3759 914 3920 989 pro·
3972 920 3999 939 ’

642 990 1040 1084 utrumque
1108 997 1585 1084 accepmrum
1654 990 1798 1066 essb
1884 1009 2016 1086 per
2066 1008 2233 1062 cau·
2338 982 2747 1083 portionati
2806 985 2968 1064 sunt
3024 1013 3040 1061 :
3099 989 3289 1064 unde
3357 1006 3651 1087 oportet
3720 995 3917 1089 quod

639 1086 845 1182 sam,
899 1084 1020 1163 vel
1071 1087 1384 1166 alterurn
1435 1090 1663 1176 alteri
1725 1090 1869 1168 effe
1948 1087 2243 1165 causam
2347 1083 2525 1161 ficut
2602 1082 2903 1165 effeeius
2977 1089 3266 1187 proprii·
3346 1092 3783 1169 reducuntur
3835 1093 3919 1173 in

641 1187 966 1266 essendi.
1023 1191 1345 1288 Oportet
1394 1191 1627 1290 igitur
1669 1191 1885 1294 quod
1933 1190 2029 1267 ab
2083 1189 2242 1286 illo,
2347 1185 2594 1264 causas
2650 1188 2973 1287 proprias
3026 1189 3130 1266 ita
3185 1190 3260 1268 id
3312 1193 3510 1290 quod
3588 1218 3918 1274 commu-

639 1289 766 1377 eui
821 1288 1015 1368 nihil
1069 1290 1169 1368 est
1224 1293 1438 1368 causa
1491 1295 1809 1391 effendi‚
1864 1292 1951 1371 fit
2004 1315 2238 1369 omne
2344 1307 2439 1365 ne
2492 1285 2591 1390 est
2644 1287 2725 1366 in
2778 1287 3164 1370 effee'tibus
3216 1294 3578 1393 propriis.,
3628 1296 3917 1375 reduca-

638 1389 831 1469 illud
899 1394 1100 1492 quod
1171 1417 1651 1497 quocumque
1759 1398 1990 1475 modo
2061 1391 2162 1471 est
2217 1452 2236 1471 .
2342 1407 2464 1468 tur
2517 1391 2597 1467 in
2647 1390 2978 1491 aliquam
3025 1394 3321 1471 causam
3391 1421 3917 1493 communemz,

637 1494 896 1570 Deum
978 1510 1233 1572 autem
1284 1496 1513 1597 supra
1581 1499 1613 1595 (
1699 1498 1875 1580 Lib.
1940 1503 1996 1574 1.
2075 1512 2231 1596 cap.

634 1617 735 1672 x1
759 1623 787 1671 1
811 1623 868 1671 ι.
918 1595 976 1693 ),
999 1596 1471 1677 ostendimus·
1496 1598 1933 1697 hujusmodi
1964 1625 2092 1679 ens
2132 1599 2233 1675 es-

632 1696 715 1774 se
765 1696 888 1776 cui
935 1698 1132 1776 nihil
1186 1699 1273 1778 fit
1323 1702 1534 1780 causa
1589 1705 1866 1782 essendi
1918 1761 1936 1779 .
1996 1702 2232 1781 Abeo

633 1796 873 1898 igitur
924 1799 1025 1879 est
1073 1820 1302 1880 omne
1336 1807 1537 1904 quod
1576 1819 2047 1906 quocumque
2070 1829 2227 1882 mo·

632 1902 736 1980 do
788 1900 927 1980 est.
982 1903 1060 1984 Si
1114 1924 1370 1984 autern
1424 1905 1705 1987 dicatur
1747 1963 1773 2003 ‚
1843 1906 2044 2009 quod
2094 1931 2223 1987 ens

635 2030 794 2083 non
846 2004 946 2083 est
1026 2007 1499 2106 praedicatum
1579 2011 1984 2099 univocum
2012 2064 2038 2103 ,
2112 2011 2220 2089 ni-

634 2105 1054 2185 hilominus
1141 2109 1485 2206 praedifiia
1553 2112 1923 2190 conclusio
1995 2111 2226 2210 sequi-

637 2222 819 2284 tur:
878 2230 1037 2285 non
1085 2209 1298 2285 enim
1352 2210 1441 2287 de
1513 2211 1767 2289 multis
1848 2210 2222 2311 aequivoce

632 2304 958 2403 dicitur,
1029 2307 1149 2387 sed
1223 2333 1355 2408 per
1421 2311 1850 2410 analogiam
1902 2341 1922 2389 ε
1992 2328 2073 2389 et
2122 2311 2219 2394 fic

622 2422 928 2510 oportet
975 2407 1142 2487 fieri
1196 2410 1701 2491 redufflonem
1761 2414 1843 2492 in
1921 2435 2156 2492 unum
2190 2473 2214 2492 .

739 2538 811 2590 2.
867 2511 1257 2614 Amplius.
1314 2515 1544 2614 Quod
1591 2514 1815 2594 alicui
1859 2518 2214 2597 convenit

627 2635 725 2692 ex
778 2611 898 2692 sua
953 2632 1211 2694 natura
1243 2670 1272 2713 ‚
1324 2635 1402 2697 et
1450 2637 1605 2695 non
1633 2615 2022 2729 exaliqua
2046 2645 2209 2698 cau·

628 2718 707 2795 sa
804 2716 1265 2796 minoratum
1333 2718 1414 2797 in
1502 2746 1593 2799 eo
1628 2775 1653 2816 ‚
1718 2739 1800 2799 et
1867 2719 2213 2801 deficiens

625 2777 772 2898 effe
822 2845 977 2898 non
1027 2819 1261 2920 potest
1310 2879 1334 2899 .
1392 2821 1468 2903 Si
1522 2823 1725 2901 enim
1769 2841 2046 2904 natura:
2077 2823 2205 2903 ali.

620 2920 804 3022 quid
854 2922 1224 2998 effentiale
1280 2923 1773 3020 subtrahitur,
1826 2925 1946 3003 vel
1993 2927 2201 3036 gaddi-

628 3041 798 3117 tur‚
848 3020 999 3117 iam
1039 3022 1278 3100 'altera
1330 3041 1587 3103 natura
1638 3027 1826 3119 erit,
1893 3026 2074 3110 ficut
2125 3048 2204 3109 et

628 3125 713 3202 in
766 3122 1093 3202 numeris
1141 3126 1457 3220 accidit,
1505 3128 1588 3206 in
1642 3128 1908 3228 quibus
1957 3130 2200 3210 unitas

626 3225 919 3322 addita,
966 3225 1089 3303 vel
1138 3226 1503 3307 subtratia
1559 3230 1874 3329 speciem
1922 3232 2194 3311 variat.

625 3328 705 3407 Si
758 3346 1006 3407 autern
1060 3345 1316 3407 natura
1340 3331 1467 3409 vel
1489 3331 1904 3431 quidditate
1940 3333 2046 3411 rei
2088 3333 2195 3411 in-

624 3448 829 3532 tegra
918 3452 1313 3527 manente,
1389 3432 1667 3534 aliquid
1738 3434 2193 3515 minoratum

622 3531 1084 3629 inveniatur,
1135 3533 1285 3626 iam
1338 3550 1540 3634 patet
1592 3538 1786 3636 quod
1812 3536 1994 3615 illud
2035 3563 2191 3619 non

617 3632 1047 3735 simpliciter
1097 3637 1456 3737 dependet
1507 3660 1600 3713 ex
1667 3636 1797 3715 illa
1848 3656 2109 3717 natura
2158 3696 2188 3737 ,

618 3736 739 3842 sed
792 3761 881 3812 ex
930 3737 1180 3835 aliqua
1230 3736 1375 3814 alia
1424 3737 1635 3818 causa
1678 3792 1709 3834 ,
1775 3764 1907 3838 per
1983 3740 2186 3837 cujus

618 3838 1111 3915 remotionem
1164 3840 1572 3918 minoratur
1604 3897 1625 3918 .
1680 3843 1906 3939 Quod
1959 3841 2188 3940 igitur

616 3938 834 4018 alicui
889 3940 1140 4019 minus
1212 3943 1563 4021 convenit
1634 3966 1860 4044 quam
1937 3944 2105 4021 aliis
2158 4001 2184 4041 ‚

616 4067 771 4120 non
824 4043 1177 4123 convenit
1232 4044 1302 4122 ei
1351 4070 1447 4121 ex
1504 4045 1626 4123 sua
1698 4062 1957 4124 natura
2030 4064 2185 4125 tan-

619 4161 823 4239 tum,
878 4147 995 4225 sed
1050 4173 1141 4225 ex
1189 4146 1336 4236 alia
1390 4147 1599 4227 causa
1637 4205 1655 4224 .
1716 4148 1903 4227 Illud
1957 4148 2185 4249 igitur

614 4244 757 4322 e'rit
808 4249 1015 4325 causa
1068 4251 1407 4333 omniurn
1459 4251 1543 4328 in
1596 4250 1847 4349 aliquo
1914 4268 2180 4349 genere

613 4346 737 4426 cui
812 4351 1137 4428 maxime
1206 4353 1558 4432 convenit
1628 4352 1824 4431 illius
1893 4354 2179 4451 generis

611 4450 1032 4550 praedicatio
1087 4481 1104 4530 :
1158 4457 1348 4533 unde
1400 4456 1626 4535 etiam
1681 4455 1878 4554 quod
1947 4454 2175 4530 maxi-

610 4567 736 4629 me
788 4553 1108 4632 calidum
1159 4554 1261 4633 est
1314 4611 1340 4651 ,
1413 4560 1749 4637 videmus
1821 4557 1961 4633 effe
2013 4582 2171 4634 cau·

610 4654 761 4731 farn
817 4656 1076 4736 caloris
1147 4658 1225 4735 in
1290 4660 1639 4738 omnibus
1717 4660 2016 4747 calidisz.
2101 4674 2175 4737 et

605 4758 806 4858 quod
878 4762 1206 4838 maxime
1276 4759 1601 4837 lucidum
1681 4762 1832 4853 est,
1886 4761 2175 4839 causam

610 4859 948 4939 omniurn
996 4863 1413 4942 ‘lucidorum
1466 4920 1483 4937 .
1537 4866 1741 4940 'Deus
1797 4884 2041 4941 autem
2074 4862 2170 4939 est

608 4964 935 5045 maxime
989 4993 1160 5064 em,
1212 4964 1401 5045 utin
1419 4964 1664 5068 primo
1693 4965 1922 5043 Libro
1944 4966 2167 5041 osten—

2339 1492 2522 1570 ficut
2579 1491 2787 1593 supra
2839 1495 3307 1593 particulares
3377 1497 3624 1575 causas·
3695 1525 3915 1597 gene·

2335 1595 2646 1702 rptionis
2696 1594 2912 1693 hujus
2965 1599 3087 1674 vel
3144 1599 3366 1694 illius,
3421 1599 3521 1677 est
3576 1601 3700 1679 Sol
3755 1605 3914 1680 uni-

2333 1696 2630 1775 versalis
2715 1698 2926 1776 causa
2996 1701 3534 1799 generationis3
3586 1722 3662 1781 et
3741 1708 3908 1783 Rex

2330 1798 2436 1877 est
2969 1802 3181 1880 causa
3233 1804 3615 1904 regiminis
3668 1806 3747 1884 in
3801 1831 3908 1886 re·

2323 1919 2436 2000 gn*
2966 1903 3206 1984 >ositos
3243 1907 3499 2007 regni,
3548 1924 3627 1986 et
3679 1910 3905 1989 etiam

2324 2000 2436 2081 uri
2966 2030 3163 2083 rum.
3221 2009 3597 2088 Omnibus
3651 2032 3902 2090 autem

2322 2128 2732 2207 commune
2804 2127 2903 2184 eit
2977 2111 3119 2185 ess'e
3188 2165 3206 2185 .
3284 2114 3603 2210 Oportet
3674 2114 3904 2209 igitur

2322 2208 2525 2304 quod
2578 2207 2787 2306 supra
2836 2232 3101 2288 omnes
3173 2211 3416 2288 causas
3491 2211 3575 2288 fit
3643 2213 3895 2312 aliqua

2317 2307 2530 2384 causa
2581 2307 2786 2404 cujus
2840 2308 2927 2387 fit
2976 2311 3147 2387 dare
3201 2312 3341 2388 effe
3391 2369 3409 2386 .
3462 2313 3714 2390 Prima
3775 2339 3895 2392 auf

2320 2424 2477 2486 tem
2528 2411 2739 2488 causa
2795 2414 2997 2489 Deus
3050 2410 3195 2505 est,
3264 2429 3346 2489 ut
3400 2413 3606 2512 supra
3658 2415 3685 2510 (
3725 2416 3890 2493 Lib.

2320 2514 2376 2589 I.
2430 2530 2589 2611 cap.
2642 2538 2867 2590 x111.
2920 2512 2949 2609 (
3003 2511 3367 2591 ostensum
3418 2513 3521 2591 est
3575 2572 3593 2591 .
3649 2518 3890 2615 Opor-

2312 2629 2425 2691 tet
2475 2613 2704 2714 igitur
2768 2613 3028 2693 omnia
3081 2640 3243 2715 quae
3317 2614 3480 2694 sunt
3513 2670 3540 2713 ‚
3602 2642 3650 2694 a
3721 2622 3886 2697 Deo

2311 2716 2497 2792 effe.
2936 2778 2942 2782 .

2407 2844 2487 2916 4.
2548 2820 2778 2897 Item.
2834 2821 3060 2920 Quod
3131 2844 3259 2919 per
3327 2820 3704 2899 essentiam
3774 2821 3885 2901 di·

2300 2919 2548 3015 citur,
2600 2920 2701 2999 est
2751 2922 2962 3000 causa
3014 2923 3357 3011 omnium
3396 2949 3555 3022 quae
3578 2948 3705 3022 per
3725 2948 3880 3023 par-

2304 3022 2820 3122 ticipationem
2866 3024 3253 3115 dicuntur,
3306 3021 3484 3103 ficut
3528 3025 3721 3124 ignis
3773 3024 3876 3104 est

2297 3125 2512 3201 causa
2563 3123 2904 3203 omnium
2959 3126 3368 3225 ignitorum
3432 3127 3871 3228 inquantum

2303 3224 2714 3322 hujusmodi
2766 3284 2788 3305 .
2845 3231 3047 3308 Deus
3098 3249 3346 3307 autern
3401 3227 3499 3306 est
3563 3240 3690 3309 ens
3743 3251 3872 3329 per

2292 3328 2679 3407 essentiam
2734 3329 2988 3424 suam,
3041 3331 3215 3431 quia
3266 3329 3364 3409 est
3421 3331 3658 3430 ipsum
3700 3332 3871 3420 effez,

2292 3454 2524 3509 omne
2593 3448 2844 3510 autern
2911 3432 3113 3511 aliud
3189 3458 3317 3512 ens
3389 3432 3490 3511 est
3559 3459 3687 3511 ens
3740 3455 3871 3532 per

2292 3531 2939 3633 participationem
2992 3561 3023 3610 .·
3076 3534 3251 3633 quia
3327 3559 3456 3612 ens
3524 3536 3725 3631 quod
3776 3534 3866 3610 fit

2289 3633 2503 3712 suum
2557 3638 2742 3730 effe,
2797 3661 2947 3714 non
2972 3635 3198 3734 potest
3236 3636 3375 3711 esse
3429 3632 3562 3709 nist
3594 3658 3857 3716 unum,

2286 3753 2373 3814 ut
2425 3736 2504 3813 in
2557 3737 2803 3836 primo
2854 3737 3070 3833 (Lib.
3122 3735 3861 3833 cap.x111.etx1v.)

2287 3836 2653 3915 osten-sum
2704 3835 2808 3913 est
2847 3894 2865 3911 .
2920 3840 3123 3913 Deus
3176 3832 3403 3933 igitur
3475 3832 3575 3913 est
3645 3835 3858 3913 causa

2287 3937 2557 4015 effendi
2609 3937 2955 4014 omnibus
3006 3936 3172 4013 aliis
3220 3993 3246 4013 -.

2402 4066 2462 4138 ς,
2517 4044 2907 4118 Praeterea.
2966 4041 3217 4116 Omne
3270 4040 3467 4139 quod
3522 4038 3620 4116 est
3690 4039 3851 4140 pos-

2286 4139 2490 4220 fibile
2545 4144 2744 4236 effe,
2818 4157 3115 4219 et-non
3193 4142 3376 4237 effe,
3448 4141 3668 4220 habet
3720 4141 3853 4218 ali-

2284 4244 2902 4343 quamcausam‚
2953 4244 3125 4342 quia
3180 4244 3259 4322 in
3312 4241 3380 4319 se
3446 4243 3847 4323 confidera-

2283 4364 2444 4423 tum
2495 4348 2585 4422 ad
2640 4345 3072 4424 utrumlibet
3141 4345 3210 4422 se
3285 4345 3547 4433 habet-3
3618 4363 3694 4425 et
3747 4344 3842 4425 fic

2280 4465 2572 4545 oportet
2622 4451 2764 4525 esse
2814 4448 3095 4547 aliquid
3146 4446 3345 4526 aliud
3366 4449 3563 4548 quod
3603 4447 3849 4548 ipsum

2277 4551 2368 4626 ad
2426 4570 2656 4628 unum
2706 4549 3184 4629 determinet.
3239 4552 3462 4629 Unde
3512 4576 3685 4629 eum
3754 4551 3834 4629 in

2278 4651 2655 4730 infinitum
2758 4653 3004 4731 rocedi
3079 4679 3226 4731 non
3285 4655 3494 4752 possit
3531 4706 3555 4744 ‚
3594 4673 3848 4751 ‚opora

2277 4771 2386 4832 tet
2417 4756 2632 4854 quod
2716 4777 2773 4834 lt
2825 4754 3119 4853 aliquod
3152 4754 3618 4832 nece-(larium
3638 4754 3836 4855 quod

2279 4856 2363 4934 fit
2414 4858 2621 4935 causa
2676 4858 3016 4935 omnium
3092 4857 3557 4957 possibilium·
3614 4858 3752 4933 este
3810 4908 3837 4949 ,

2275 4977 2349 5037 et
2400 4986 2552 5038 non
2602 4961 3306 5039 esse.Neeeflarium
3341 4979 3585 5036 autem
3611 4956 3833 5137 93οά-

2300 5099 2307 5104 ,
3706 5079 3827 5133 am
