4597 5696
739 399 885 445 220·

738 489 1178 589 plexionem'
1221 489 1573 572 habentes
1593 543 1622 585 ‚
1672 507 1755 570 ut
1794 488 2254 572 ,cholet-icam
2274 545 2304 588 ‚

743 592 840 672 de
927 591 1125 672 facili
1218 590 1623 671 irascuntur
1661 648 1689 688 ,
1776 591 2308 678 melancholici

745 721 934 775 vcro
987 698 1077 775 de
1132 692 1333 773 facili
1367 692 1777 775 tristantur.
1837 698 2303 795 Unde&per

746 797 1040 878 easdem
1115 798 1432 876 rationes
1500 796 1653 877 haec
1722 797 1981 915 opinio
2032 800 2308 899 impro-

750 900 918 979 bari
994 897 1224 1000 potest
1296 923 1425 997 per
1489 926 1671 1001 quas
1738 898 2151 1000 improbata
2203 898 2309 978 est

752 1002 1019 1103 opinio
1092 1000 1491 1082 Alexandri
1543 1056 1571 1099 ,
1661 1002 1749 1082 &
1816 1027 1947 1107 per
2025 1005 2311 1104 aliquas

755 1106 1136 1209 proprias.

873 1234 934 1285 ι.
990 1207 1379 1289 Ostensum
1433 1208 1532 1286 est
1566 1209 1769 1287 enim
1805 1209 2065 1309 supra,
2113 1175 2316 1310 quod

690 1310 1088 1411 „operatio
1165 1310 1432 1389 animae
1488 1312 1981 1410 vegetabilis
1974 1366 2005 1406 ,
2072 1312 2181 1391 8(
2199 1338 2319 1390 co⁴

751 1412 998 1510 gnitio
1052 1410 1383 1490 sensitiva
1427 1415 1743 1492 excedit
1751 1415 2104 1493 virtutem
2145 1439 2319 1514 qua·¹

754 1513 1053 1592 litatum
1125 1513 1616 1609 afflvarnm,
1686 1518 1760 1594 8(

755 1614 831 1692 8(
885 1615 1131 1696 multo
1183 1617 1455 1716 magis
1469 1619 1802 1716 operatio
1854 1615 2325 1697 intellefflus.

756 1717 1214 1816 Complexio
1261 1738 1511 1798 autem
1563 1721 1893 1800 causatur
1943 1746 2034 1801 ex
2082 1719 2316 1819 quali-

756 1818 1036 1906 tatibus
1086 1818 1425 1916 activis,
1476 1821 1551 1900 8(
1601 1822 1922 1922 pafflvis.
1982 1825 2165 1901 Non
2190 1847 2324 1920 po

754 1917 892 2000 test
948 1920 1176 2020 igitur
1225 1924 1679 2039 complexio
1672 1926 1834 2003 esse
1870 1923 2320 2027 principium

755 2023 1272 2120 operationum
1307 2026 1595 2104 animat:
1649 2030 1840 2110 unde
1879 2026 2323 2128 impoffibile

756 2121 866 2206 est
917 2129 1114 2224 quod
1168 2128 1414 2226 aliqua
1464 2128 1716 2207 anima
1769 2129 1855 2207 fit
1882 2128 2326 2226 complexio.

876 2249 942 2299 2.
1000 2226 1331 2306 Adhuc.
1396 2230 1922 2328 Complexio‚
1990 2255 2166 2308 cum
2245 2228 2330 2307 lit

758 2325 1136 2424 quoddam
1216 2326 1697 2409 constitutum
1768 2354 1862 2407 ex
1939 2331 2328 2408 contrariis

755 2426 1244 2543 qualitatibus
1269 2484 1297 2524 ,
1350 2429 1561 2529 quast
1589 2431 1927 2508 medium
1968 2431 2162 2522 inter
2181 2454 2329 2525 eas,

758 2524 1205 2628 impossibile
1278 2530 1375 2610 est
1449 2534 1650 2633 quod
1722 2531 1808 2611 stt
1881 2530 2121 2611 forma
2172 2530 2331 2609 sub·

756 2627 1188 2714 stantialis·
1269 2658 1446 2714 nam
1449 2558 1931 2715 qsubstantiae
1982 2633 2175 2713 nihil
2230 2629 2332 2711 est

755 2735 1297 2831 contrarium,
1367 2762 1505 2817 nec
1574 2736 1869 2838 suscipit
1948 2735 2190 2836 magis
2253 2733 2333 2812 8(

760 2834 1049 2918 minus.
1108 2837 1393 2919 Anima
1447 2856 1696 2920 autem
1750 2835 1850 2918 est
1886 2836 2125 2918 forma
2179 2836 2335 2915 sub-

762 2924 1198 3050 stantialis,
1249 2941 1325 3017 8(
1377 2967 1531 3019 non
1582 2941 2089 3020 accidentalis:
2142 2941 2329 3018 alias

760 3058 896 3138 per
962 3040 1295 3117 animam
1375 3066 1526 3121 non
1602 3042 2009 3120 sortiretur·
2041 3039 2332 3135 aliquid

765 3159 1002 3237 genus
1052 3194 1080 3233 ,
1137 3141 1259 3219 vel
1310 3142 1354 3220 s
1431 3143 1690 3222 ciem.
1761 3143 2047 3223 Anima
2096 3142 2329 3242 igitur

764 3263 924 3321 non
974 3241 1077 3320 est
1126 3266 1347 3346 comp
1419 3246 1587 3325 xi0.
1642 3279 1655 3319 .-

886 3369 952 3448 3
1009 3270 1347 3429 AdhucP
1346 3346 1822 3448 Complexio
1873 3373 2025 3426 non
2077 3360 2338 3426 movet

772 3471 1036 3548 corpus
1086 3449 1426 3531 animalis
1476 3466 1687 3529 motu
1739 3449 2034 3528 locali.
2094 3447 2336 3548 seque

768 3567 970 3637 retur
1035 3551 1238 3629 enim
1312 3571 1606 3637 motum
1691 3550 2214 3643 dominantis,
2262 3550 2340 3629 8(

768 3652 869 3743 fic
912 3652 1217 3752 semper
1252 3654 1597 3737 deorsum
1652 3652 2002 3771 ferretur.
2062 3652 2344 3732 Anima

772 3770 1028 3830 autem
1083 3774 1340 3843 movet
1391 3756 1734 3833 animal
1717 3779 2125 3871 momnem
2179 3779 2340 3852 pu·-

775 3870 977 3935 tem.
1021 3857 1217 3934 Non
1238 3838 1337 3933 est
1369 3852 1596 3955 igitur
1621 3852 1870 3935 anima
1898 3855 2339 3955 complexio

881 3984 957 4055 4
1004 3958 1421 4056 Amplius.⁸
1457 3960 1730 4035 Anima
1784 3958 1981 4055 regit
2029 3966 2340 4055 comm,

774 4059 852 4137 8(
901 4078 1259 4159 repugnat
1313 4060 1755 4160 paffionibus
1799 4085 1956 4160 quae
2010 4058 2330 4159 comple·

776 4162 1079 4257 xionem
1131 4163 1587 4260 sequunturz·
1660 4187 1751 4242 ex
1822 4180 2067 4260 comp
2048 4162 2338 4247 lexione

636 4276 645 4281 ’
779 4258 985 4359 enim
1045 4263 1278 4363 aliqui
1334 4268 1491 4344 sunt
1536 4266 1774 4381 magis
1809 4263 1979 4349 aliis
2029 4265 2120 4342 ad
2171 4287 2338 4339 con-

780 4348 1264 4461 cupiscentias
1316 4421 1341 4461 ,
1394 4366 1547 4457 vel
1568 4368 1709 4449 iras
1758 4367 1979 4466 apti·
1961 4420 1985 4457 -,
2056 4366 2185 4464 qui
2243 4384 2340 4440 ta

653 4520 663 4528 ·
781 4488 965 4551 meu
1014 4468 1255 4563 magis
1306 4471 1400 4546 ab
1426 4469 1581 4563 Deis·
1568 4468 1995 4583 abstinent,
2050 4483 2344 4565 propter

660 4554 1068 4667 ‘aliquid
1117 4566 1531 4664 refrenans,
1583 4588 1667 4651 ut
1690 4588 1922 4671 patet
1978 4568 2059 4649 in
2107 4568 2347 4647 conti

779 4671 1171 4768 flentibus--
1230 4672 1435 4765 Hoc*
1452 4690 1701 4758 autem
1729 4699 1882 4750 non
1919 4667 2097 4751 facit
2145 4695 2350 4753 com

785 4758 1092 4873 plexip.
1173 4755 1365 4863 Non.
1399 4768 1796 4901 estsfigitur
1851 4774 2104 4859 anima
2152 4798 2353 4859 com·

787 4875 1313 5084 Ριῗίςῖεριιιε
1310 4950 1564 5093 autent
1618 4970 1855 5067 fui-fic
1865 4976 2157 5069 videtur
2212 4980 2357 5061 Ga-

1343 5136 1381 5175 a'-
1492 5122 1653 5177 ⁴⁸0⁸

1838 1517 2272 1615 paffivarum
2296 1570 2324 1610 ‚
2441 1569 2446 1586 .

1352 374 1495 444 ΠΕ
1552 377 2157 446 v-EMTATE
2202 368 2938 447 CATHOLICAB
2993 349 3346 446 FIDEI

2406 492 2615 575 lenus
2664 520 2757 578 ex
2808 494 2950 575 hoc
3000 494 3198 596 quod
3249 516 3402 571 non
3447 443 3964 584 consideravit,

2405 598 2621 677 aliter
2671 596 3026 698 pastiones
3073 594 3375 676 attribui
3428 597 3962 694 complexioni,
4083 619 4108 640 *²

2406 703 2481 781 &
2529 699 2750 782 aliter
2799 701 3136 778 animae.
3139 696 3707 796 complexioni
3762 722 3969 775 nam·

2407 827 2552 904 que
2603 789 3102 881 attribuuntur
3153 798 3329 879 sicut
3372 798 3839 897 disponenti,
3887 800 3967 878 8(

2409 923 2771 1022 quantum
2844 905 2936 982 ad
3012 902 3091 982 id
3139 902 3338 1004 quod
3408 900 3505 978 est
3587 854 3966 978 materiale

2414 1007 2495 1085 in
2547 1005 3028 1106 pastionibus,
3085 1004 3264 1083 ficut
3299 1001 3545 1080 servor
3577 1000 3974 1100 sanguinis,

2296 1169 2308 1180 -
2414 1110 2492 1189 8(
2519 1107 2983 1204 huiusmodi·
3019 1107 3283 1185 animae
3311 1121 3559 1183 autem
3593 1122 3974 1202 tamquam

2417 1209 3085 1392 Ξέὶιιιςίραίἐπεαιιίξ
3153 1234 3255 1388 ex}
3297 1223 3499 1387 parts:
3570 1204 3732 1407 ejx?
3780 1207 3981 1305 quod

2424 1417 2531 1496 ira
2543 1335 3598 1516 2‡.2.1.33‘.‘¹¹..¹12⁸.25{·;‘⁰²‘
3695 1327 3844 1387 ’ωε
3898 1332 3981 1390 ²¹¹

2674 1567 2729 1630 C
2815 1569 2877 1631 A
2964 1564 3013 1627 P
3085 1560 3155 1630 U
3241 1567 3307 1629 T

2667 1687 3618 1785 Quodam'enmanonfithaemo
3584 1701 3714 1759 tri-a

2422 1823 2809 2027 Slmilis
2824 1840 3070 1902 autem
3106 1820 3459 1923 praediciae
3513 1781 3857 1923 positioni
3883 1817 3985 1902 est

2705 1925 2931 2005 fititio
2981 1925 3450 2018 dicentium,
3502 1925 3828 2001 animam
3883 1920 3985 2000 es·

2426 2037 2498 2107 le
2553 2029 3058 2107 harmoniam.
3115 2030 3300 2106 Non
3350 2026 3553 2105 enim
3606 2026 3985 2104 intellexe-

2425 2135 2603 2209 tun't
2653 2131 2981 2208 animam
3055 2130 3194 2206 esse
3264 2127 3728 2206 harmoniam
3782 2128 3988 2207 sono·

2433 2257 2601 2310 rum
2658 2286 2688 2327 ,
2735 2232 2855 2310 sed
2903 2230 3524 2325 contrariorum,
3575 2255 3665 2307 ex
3720 2230 3988 2327 quibus

2430 2333 2783 2410 videbant
2832 2332 3183 2445 componi
3253 2355 3555 2444 corpora
3611 2331 3984 2409 animata:

2431 2458 2589 2533 qua:
2630 2433 2936 2531 quidem
2962 2431 3221 2530 opinio
3273 2431 3352 2506 in
3398 2434 3560 2507 Lib.
3590 2433 3681 2505 de
3707 2432 3992 2508 Anima

2434 2536 2460 2632 (
2520 2536 2576 2613 Ι.
2630 2550 2802 2612 text.
2853 2556 3128 2610 comm.
3156 2530 3310 2608 ltv.
3367 2529 3395 2627 )
3446 2531 3736 2607 videtur
3786 2532 3990 2608 attri-

2435 2635 2564 2715 bui
2592 2633 3063 2749 Empedocli.
3099 2630 3505 2732 Gregorius
3519 2650 3765 2710 autem
3792 2631 3992 2734 Nys-

2437 2736 2725 2832 senus(
2782 2735 2948 2814 Lib.
3007 2737 3108 2813 11.
3159 2735 3250 2812 de
3304 2731 3491 2812 Phil.
3542 2758 3698 2832 cap.
3764 2759 3930 2850 ¹¹.¹·
3961 2732 3991 2828 )

2436 2837 2775 2920 attribuit
2824 2862 2992 2916 eam
3019 2834 3434 2916 Dinarcho:
3491 2836 3683 2914 unde
3731 2833 3873 2913 8(
3855 2859 3994 2913 tm·

2432 2944 2782 3044 probatur
2831 2938 3011 3018 ficut
3081 2939 3156 3017 &
3210 2937 3695 3036 praecedens,
3745 2939 3820 3017 &
3871 2937 3993 3017 ad-

2431 3045 2578 3122 huc
2631 3042 2942 3142 propriis
2991 3039 3440 3118 rationibus·

2546 3171 2604 3222 1.
2659 3145 2915 3221 Omne
2951 3141 3162 3219 enim
3196 3165 3456 3241 corpus
3489 3140 3811 3220 mixtum
3838 3140 3998 3218 har-

2426 3245 2763 3326 moniam
2813 3242 3064 3341 habet,
3077 3243 3153 3322 8(
3201 3243 3837 3343 complexionem,
3858 3267 3997 3323 nec

2437 3346 2824 3429 harmonia
2876 3343 3105 3446 potest
3159 3369 3467 3423 movere
3510 3371 3816 3447 corpuS,
3866 3358 3996 3424 aut

2438 3474 2693 3551 regere
2747 3449 2770 3527 i
2829 3447 2987 3528 sum
3037 3500 3066 3545 ,
3113 3447 3235 3526 vel
3287 3471 3692 3548 repugnare
3744 3446 3998 3563 paffio·

2442 3555 2935 3650 nibus,1cut
2984 3549 3059 3628 8(
3063 3549 3543 3667 complexio·
3596 3547 4000 3629 intenditur

2444 3657 2722 3751 etiam,
2770 3654 2844 3733 8(
2898 3652 3366 3746 remittitur,
3448 3649 3493 3727 s
3499 3668 3625 3727 cut
3675 3650 3750 3725 8(
3795 3673 3996 3725 com·

2444 3757 2747 3858 plexio:
2822 3780 2914 3833 ex
2964 3753 3230 3869 quibus
3294 3750 3639 3830 omnibus
3688 3748 3996 3827 ostendi

2444 3878 2564 3937 tur
2631 3858 2830 3958 quod
2898 3854 3146 3932 anima
3222 3878 3374 3930 non
3423 3849 3512 3929 fit
3565 3849 3995 4015 harmonia,

2442 3960 2619 4043 ficut
2673 3983 2805 4037 nec
2855 3954 3327 4054 complexio.

2551 4090 2616 4138 2.
2676 4059 2970 4139 Adhuc.
3026 4056 3256 4136 Ratio
3305 4055 3704 4135 harmoniae
3749 4057 3998 4155 magis

2437 4161 2786 4244 convenit
2835 4157 3316 4259 qualitatibus
3391 4159 3715 4259 corporis
3763 4183 3995 4258 quam

2442 4264 2742 4345 animae:
2802 4287 2977 4340 nam
3032 4261 3294 4341 sanitas
3327 4262 3785 4360 estquaedam
3840 4260 4015 4337 har·⁴

2443 4366 2701 4444 monia
2767 4365 3162 4445 humorum
3199 4411 3226 4449 ‚
3306 4360 3665 4443 fortitudo
3733 4386 4000 4441 nervo-

2443 4492 2689 4560 rum,
2694 4468 2810 4549 8(
2863 4466 3195 4562 ollium,
3247 4465 3720 4566 pulchritudo
3771 4488 4001 4542 mem·

2451 4571 2751 4651 brorum
2802 4608 2872 4661 ,·
2865 4568 2988 4647 8(
3027 4566 3420 4648 colorum.
3445 4570 3678 4645 ..Νοιι
3750 4585 4000 4644 autem

2451 4672 2698 4857 {³5st
2731 4699 2776 4747 a
2778 4671 3066 4770 ssignari
3117 4671 3487 4770 qualium
3504 4666 4004 4781 harmoniafit

2582 4774 2769 4866 filS,
2841 4790 2967 4887 aut
3023 4771 3454 4850 intellectus
3505 4825 3531 4863 ,
3604 4772 3682 4849 &
3759 4787 4002 4848 cetera

2452 4900 2611 4992 quae
2659 4876 2753 4952 ad
2804 4873 3134 4951 animam
3186 4873 3608 4972 pertinent.
3667 4874 3849 4954 Non
3901 4867 4008 4948 est

2459 4976 2687 5078 igitur
2729 4978 2988 5059 anima
3037 4976 3550 5057 harmonia..
3825 5075 3893 5153 A

3706 5106 3774 5182 3.
3900 5098 4015 5155 m·

3473 1565 3715 1630 LXIV·
