4597 5696
771 334 892 414 178

759 474 837 524 m
894 448 1107 532 rebus
1155 452 1462 554 eventia,
1515 459 1880 540 reducitur
1930 476 2012 538 ut
2046 457 2124 536 in
2162 454 2311 556 pri·

763 575 970 666 §nam
1018 553 1424 637 causamin
1467 562 1552 641 id
1590 562 1785 664 quod
1815 560 1912 638 est
2038 558 2311 637 timum

763 681 845 736 m
897 656 1159 773 causis.
1214 662 1535 762 Oportet
1567 663 1792 765 igitur
1819 661 1959 739 effe
2038 686 2119 739 us
2145 684 2306 762 pro·

766 762 1215 879 portionales
1286 765 1428 843 esse
1519 765 1744 847 caufis
1793 819 1813 840 .
1906 749 2313 864 Optimum

766 882 1014 941 autem
1067 889 1147 980 in
1201 869 1548 950 omnibus
1596 865 1887 947 entibus
1909 866 2172 963 creatis
2207 865 2310 946 est

765 965 947 1041 ordo
997 969 1371 1067 universi,
1439 972 1520 1049 in
1590 994 1742 1070 quo
1809 969 2093 1047 bonum
2150 968 2313 1047 uni-

767 1064 975 1182 verfio.
1004 1070 1361 1178 consistit,
1429 1071 1605 1151 ficut
1657 1071 1727 1148 8(
1785 1071 1866 1149 in
1916 1073 2130 1152 rebus
2183 1071 2317 1150 hu·

769 1191 1012 1251 manis
1031 1171 1305 1288 bonurn
1325 1171 1571 1273 gentis
1611 1174 1709 1252 est
1736 1174 2058 1256 divinius
2089 1199 2317 1277 quam

769 1270 1054 1352 bonum
1106 1298 1316 1388 umus
1366 1328 1386 1349 .
1458 1277 1781 1377 Oportet
1850 1277 2079 1377 igitur
2128 1277 2321 1357 ordia

769 1398 948 1451 nem
1001 1371 1309 1453 umverfi
1364 1373 1545 1458 ficut
1597 1378 1678 1457 in
1731 1381 2105 1481 propriam
2155 1392 2321 1460 cau·

769 1473 923 1549 sam
974 1474 1312 1554 reducere
1337 1477 1448 1595 ,2¹¹
1487 1485 1786 1577 Deum,
1836 1508 2061 1586 quem
2115 1481 2323 1584 supra

768 1574 800 1670 (
850 1597 1007 1673 cap.
1057 1574 1208 1655 xli.
1264 1579 1432 1659 Lib.
1491 1587 1550 1663 1.
1603 1584 1634 1684 )
1682 1582 2130 1682 ostendimus
2182 1584 2325 1663 ess'e

770 1674 1144 1795 summum
1197 1680 1516 1798 bonum.
1573 1689 1756 1767 Non
1817 1687 2041 1788 igitur
2079 1710 2322 1764 rerum

771 1775 1189 1881 distmfflo,
1243 1811 1322 1862 m
1375 1813 1518 1888 qua
1573 1791 1758 1867 ordo
1805 1787 2126 1870 confistit
2167 1790 2324 1866 uni-

733 1878 955 1958 ·versi
1008 1938 1037 1980 ‚
1087 1885 1415 2005 causatur
1482 1916 1570 1970 ex
1619 1889 1849 1972 causls
1924 1890 2247 1971 secundis
2300 1941 2327 1985 ‚

780 1979 904 2063 sed
942 2010 1181 2088 magis
1209 2014 1299 2069 ex
1328 1991 1741 2072 intentione
1792 1995 2045 2096 primae
2082 1993 2327 2073 causae.

887 2112 952 2187 3.
1009 2093 1278 2171 Adhuc
1320 2151 1350 2210 ι.
1431 2097 1851 2175 Absurdum
1910 2080 2201 2175 videtur
2255 2092 2331 2171 id

769 2189 976 2287 quod
1027 2188 1554 2307 esi-optimum
1610 2199 1686 2275 in
1725 2198 1985 2291 rebu5‚
2039 2198 2334 2273 reduce-

775 2313 858 2368 re
914 2287 1091 2408 licut
1145 2318 1222 2371 tn
1242 2298 1533 2376 causam
1571 2301 1651 2377 in
1671 2324 1914 2377 rerum
1945 2294 2333 2377 defectum.

779 2394 1182 2515 Optimum
1229 2419 1484 2479 autem
1540 2402 1618 2479 in
1672 2404 1886 2481 rebus
1937 2398 2197 2479 creatis
2233 2394 2333 2475 est

776 2492 1195 2596 distinctio,
1247 2502 1320 2579 8(
1374 2504 1554 2582 ordo
1606 2505 1631 2582 i
1691 2503 1976 2599 sorum,
2013 2520 2093 2581 ut
2129 2500 2330 2599 (cap.

778 2600 1118 2713 {rx-111..)
1167 2601 1527 2722 ostensum
1581 2530 1682 2685 εἰς
1718 2664 1737 2684 .
1795 2603 2334 2686 inconveniens

778 2717 1011 2798 igitur
1063 2702 1160 2781 est
1213 2708 1452 2787 dicere
1505 2710 1700 2809 quod
1746 2709 1909 2787 talis
1962 2701 2333 2785 distinctio

780 2824 875 2880 ex
929 2801 1068 2923 hoc
1122 2810 1452 2890 causetur
1504 2813 1712 2913 quod·
1747 2810 2067 2890 secundae
2107 2802 2333 2886 caufae

777 2902 1133 2986 deficiunt
1183 2935 1227 2988 a
1280 2912 1744 3013 fimplicitate
1795 2911 2023 2991 causae
2055 2909 2332 3010 primax.

819 3101 837 3120 ι
884 3032 958 3104 4.
1015 3011 1247 3126 Item.
1310 3017 1398 3090 In
1448 3015 1796 3100 omnibus
1847 3011 2073 3090 caufis
2112 3032 2335 3107 agen·

779 3105 981 3187 tibus
1031 3113 1386 3193 ordinatis
1435 3168 1464 3213 ‚
1537 3117 1667 3194 ubi
1749 3114 1990 3215 agitur
2040 3127 2338 3214 propter

778 3204 1055 3307 finem,
1106 3232 1401 3317 oportet
1449 3219 1647 3319 quod
1698 3217 1881 3297 fines
1952 3213 2335 3294 causarum

777 3306 1255 3432 fecundarum
1299 3317 1446 3398 fint
1484 3338 1778 3421 propter
1826 3318 2056 3397 finem
2104 3312 2331 3394 causae

837 3438 1102 3533 rimae,
1135 3419 1321 3538 fimat
1372 3420 1540 3499 finis
1582 3418 2090 3513 militariss&
2119 3439 2333 3515 eque-

837 3541 990 3637 ‘ri-S,-
1038 3519 1610 3603 &fremsaGtivae
1664 3522 1764 3603 est
1793 3539 2087 3623 propter
2108 3517 2339 3596 finem

785 3620 1033 3735 ciuilis
1083 3679 1105 3700 .
1182 3627 1546 3705 Process'us
1626 3644 1877 3706 autem
1952 3621 2241 3701 entium
2293 3643 2342 3698 a

786 3743 1034 3821 primo
1085 3739 1254 3802 ente
1306 3780 1334 3821 ‚
1394 3725 1494 3804 est
1546 3750 1675 3828 per
1725 3724 2097 3805 astionem
2147 3721 2338 3800 ordi·

788 3839 1042 3900 natam
1092 3825 1184 3904 ad
1237 3826 1465 3905 finem
1516 3883 1544 3924 ‚
1628 3852 1861 3931 quum
1911 3826 1998 3907 fit
2049 3849 2178 3924 per
2232 3825 2340 3902 in·

783 3921 1365 4050 &HQ5jut
1419 3929 1445 4028 (
1498 3954 1652 4031 cap.
1703 3955 1973 4012 xx111.
2028 3928 2058 4025 )
2107 3925 2339 4007 osten·

789 4022 979 4107 sum·
1003 4021 1111 4108 est
1130 4079 1172 4148 ¹⁴.
1197 4030 1646 4133 ²¹ln‘tsellefiius
1697 4050 1946 4113 autem
2013 4026 2341 4110 hominis

786 4150 925 4228 pro
970 4145 1085 4245 ter
1139 4127 1379 4229 finem
1420 4135 1612 4236 agit.
1668 4135 1743 4217 Si
1780 4135 2008 4234 igitur
2060 4133 2140 4212 in
2181 4155 2340 4231 pro·

788 4229 889 4307 du
966 4255 1140 4312 ione
1209 4259 1456 4315 rerum
1539 4237 1703 4316 sunt
1774 4237 2034 4336 aliquae
2112 4231 2337 4311 causae

788 4328 1112 4414 secundae
1157 4389 1188 4432 ,

789 4431 1269 4556 &afflones-
1315 4456 1430 4540 int
1481 4459 1776 4543 propter
1828 4438 2058 4517 finem
2111 4433 2338 4514 causae

787 4560 1091 4655 primm„
1144 4565 1274 4639 qui
1323 4541 1429 4655 est
1471 4543 1772 4623 ultimus
1820 4540 1987 4620 finis
2018 4538 2098 4616 in
2126 4536 2344 4616 rebus

784 4642 1092 4753 causatis
1140 4696 1163 4756 .·
1238 4642 1388 4720 H1c
1475 4665 1722 4723 autem
1797 4641 1896 4722 est
1951 4642 2132 4723 ordo
2184 4663 2343 4739 par-

786 4753 980 4818 tium
1034 4739 1346 4818 univerfi
1400 4794 1429 4836 ‚
1481 4742 1556 4821 8(
1605 4742 2025 4839 distinffio‚
2074 4742 2201 4847 qui
2243 4740 2346 4820 est

783 4839 986 5025 Zuafi
1038 4840 1300 4921 ultima
1353 4839 1591 4923 forma
1631 4899 1653 4920 .
1723 4847 1910 4925 Non
1960 4845 2062 4925 est
2115 4846 2344 4945 igitur
2382 4872 2404 4878 ·

866 4939 1160 5029 stinctio
1214 4943 1299 5028 in
1349 4949 1562 5032 rebus
1611 5000 1642 5050 ,
1690 4947 1766 5029 8(
1817 4946 1999 5028 ordo
2043 4965 2343 5053 propter

1422 4355 1527 4418 tet
1578 4340 1775 4441 quod
1826 4335 2008 4415 fines
2060 4357 2341 4429 earum,
2363 4385 2373 4416 -.

1385 331 1525 400 DE
1586 335 2152 407 VERITATE
2207 331 2935 400 CATHOLICAE
2998 331 3313 398 FIDEI

2412 454 2736 537 actiones
2807 452 3285 533 secundarum
3354 442 3724 526 causarum
3755 496 3784 538 ‚
3838 437 3964 521 sed

2413 559 2653 661 magis
2706 554 3032 636 animes
3085 551 3559 628 secundarum
3583 545 3962 627 causarum

2413 663 2576 743 sunt
2628 677 2913 763 propter
3451 651 3513 728 8(
3565 645 3965 727 distinctio-

2413 790 2589 845 nem
2641 767 2721 844 in
2775 765 2913 841 reb1
3451 752 3656 829 dam.
3720 794 3752 839 ρ

2527 894 2588 966 ς.
2651 866 2915 946 Adhuc
2966 921 2984 941 .
3075 894 3150 943 δι
3210 853 3594 969 ς,ῡιῑιῐιεῖἰθ
3644 848 3966 953 partium

2413 967 2726 1051 univerfi
2750 1024 2778 1065 ‚
2826 968 2899 1046 8(
2951 966 3134 1047 ordo
3182 981 3435 1044 earum
3486 954 3587 1035 est
3632 951 3968 1056 proprius

2419 1071 2719 1153 effecius
2774 1068 2999 1150 causae
3055 1067 3306 1167 primae
3338 1118 3363 1159 ‚
3436 1056 3635 1161 quasl
3707 1055 3973 1133 ultima

2419 1175 2658 1256 forma
2709 1230 2737 1271 ‚
2763 1185 2767 1192 “
2797 1172 2877 1249 8(
2945 1170 3318 1271 optimum
3405 1162 3486 1240 in
3553 1155 3897 1238 universo
3950 1179 3978 1248 3

2419 1291 2707 1381 oportet
2760 1297 3002 1351 rerum
3054 1266 3601 1351 distinctionem
3653 1314 3679 1355 ‚
3730 1258 3806 1336 8(
3859 1278 3974 1333 or·

2419 1382 2675 1462 dinem
2727 1377 2865 1456 ess'e
2920 1376 3001 1453 in
3033 1368 3409 1453 intellectu
3439 1364 3662 1447 causa:
3692 1357 3970 1461 primae:

2424 1486 2506 1568 in
2557 1483 2770 1560 rebus
2822 1477 3026 1555 enim
3076 1499 3240 1576 quae
3314 1494 3442 1573 per
3504 1459 3972 1545 intellectum

2425 1606 2740 1688 aguntur
2786 1635 2813 1677 ‚
2863 1577 3104 1669 forma
3155 1601 3312 1676 quae
3367 1571 3449 1649 in
3499 1569 3710 1645 rebus
3764 1558 3980 1640 factis

2426 1684 2892 1791 producitur,
2947 1678 3288 1781 provenit
3339 1700 3383 1752 a
3436 1670 3674 1750 forma
3729 1659 3980 1756 fimin,

2428 1794 2601 1893 quae'
2641 1785 2740 1866 est
2794 1784 2874 1863 in
2941 1776 3319 1862 intelleEtu
3370 1831 3398 1872 ‚
3473 1771 3652 1851 ficut
3719 1768 3982 1845 domus

2428 1918 2586 1997 quae
2642 1886 2741 1968 est
2797 1888 2877 1964 in
2958 1881 3266 1962 materia
3318 1936 3344 1974 ‚
3415 1903 3457 1955 a
3535 1874 3764 1951 domo
3815 1886 3989 1968 quae-

2432 1994 2529 2075 est
2602 1996 2680 2072 in
2742 1985 3120 2068 intellectu
3174 2042 3192 2060 .
3250 1985 3523 2062 Forma
3575 1989 3827 2052 autem
3880 1965 3991 2046 di-

2434 2092 2844 2177 st‘mffionis
2896 2141 2922 2179 ‚
2976 2090 3048 2166 8(
3103 2082 3380 2164 ordinis
3437 2134 3464 2176 ‚
3535 2101 3689 2155 non
3765 2064 3998 2171 potest

2436 2200 2575 2276 esse
2631 2196 2710 2274 in
2767 2185 3149 2269 intellectu
3236 2200 3499 2283 agente
3550 2232 3577 2274 ‚
3643 2173 3777 2253 nifi
3856 2171 3997 2249 fint

2436 2299 2545 2378 ibi
2601 2294 2854 2375 formae
2907 2285 3420 2369 distinctorum
3471 2333 3500 2372 ‚
3554 2279 3631 2356 8(
3705 2274 3998 2354 ordina-

2436 2418 2683 2480 torum
2732 2450 2750 2471 .
2806 2397 2921 2474 Sui
3643 2373 3837 2456 lefiu
3889 2372 3998 2489 di-

2432 2502 2617 2582 vino
2669 2496 2921 2575 formae
3643 2503 3799 2558 rum
3888 2474 3997 2554 d1-

2433 2603 2806 2684 versarum
2856 2595 2921 2673 8(
3643 2583 3798 2661 Nec
3849 2576 3997 2656 hoc

2434 2698 2885 2803 simplicitati
3644 2696 3730 2760 ut
3783 2679 3997 2777 supra

3643 2780 3995 2864 ostensum

2434 2806 2662 2908 (Lib.
2722 2806 2780 2881 1.
2831 2823 2921 2898 caj

2434 2908 2535 2988 est
2586 2967 2607 2986 .
2662 2904 2739 2986 Si
2795 2902 3024 3001 igitur
3098 2926 3189 2976 ex
3258 2926 3521 2973 1or11us
3605 2909 3770 2990 quat
3822 2881 3992 2961 sunt

2432 3013 2517 3092 in
2572 3002 2954 3087 intellectu
3005 3055 3034 3095 .‚
3105 2992 3546 3100 proveniant
3624 3011 3737 3066 res
3788 3001 3993 3063 extra

2436 3112 2767 3191 animam
2821 3104 2903 3185 in
2954 3103 3070 3182 his
3119 3126 3280 3202 quae
3349 3119 3480 3197 per
3532 3083 3995 3170 intellectum

2436 3229 2753 3316 aguntur
2802 3262 2830 3304 ‚
2914 3218 3263 3309 poterunt
3327 3225 3371 3276 a
3456 3193 3698 3297 prima
3781 3184 3991 3269 causa

2432 3312 2861 3398 immediate
2909 3305 3184 3388 causari
3236 3303 3444 3406 plura
3480 3352 3509 3394 ‚
3558 3297 3633 3376 &
3681 3288 3995 3385 diversa,

2435 3443 2587 3498 non
2639 3412 2967 3494 obstante
3020 3406 3274 3489 divina
3296 3399 3993 3502 fimplicitate‚pro·

2438 3538 2602 3624 pter
2649 3540 2876 3619 quam
2932 3512 3237 3613 quidam
3290 3508 3369 3587 in
3389 3497 3811 3605 praedictam
3863 3515 3994 3595 po-

2442 3622 2787 3704 fitionem
2839 3615 3293 3694 inciderunt.
3684 3637 3689 3642 ·

2543 3727 2614 3803 6.
2670 3725 2864 3802 Item
2904 3770 2926 3793 .
2980 3711 3211 3793 Actio
3259 3703 3542 3807 agentis
3593 3722 3724 3800 per
3774 3689 3991 3774 intel-

2439 3822 2713 3906 leffium
2740 3876 2764 3915 ‚
2791 3813 3225 3898 terminatur
3273 3808 3364 3886 ad
3388 3801 3709 3883 formam
3760 3816 3993 3898 quam

2440 3921 2796 4022 intelligit
2849 3975 2877 4016 ‚
2928 3939 3080 3993 non
3131 3913 3223 3992 ad
3273 3909 3501 4018 aliam
3555 3958 3583 4000 ‚
3653 3898 3787 3980 nifi
3858 3917 3992 3996 per

2438 4026 2774 4109 accidens
2815 4073 2842 4115 ‚
2893 4017 2967 4096 8(
3037 4042 3081 4094 a
3154 4011 3343 4094 castr*
3371 4067 3390 4089 .
3464 4012 3665 4087 Deus
3738 4016 3991 4079 autem

2438 4152 2663 4230 agens
2714 4119 2815 4201 est
2868 4144 2995 4223 per
3048 4111 3508 4199 intellee'tum
3546 4162 3571 4202 ‚
3623 4123 3709 4188 ut
3757 4099 3993 4182 osten-

2441 4233 2601 4310 sum
2653 4223 2750 4304 est
2804 4223 2833 4322 (
2884 4248 3039 4323 cap.
3091 4244 3363 4303 xx111.
3418 4215 3447 4314 )
3496 4214 3684 4293 Non
3757 4197 3991 4307 potest

2439 4330 2669 4432 igitur
2720 4325 2875 4423 eius
2928 4323 3125 4405 affio
3176 4323 3317 4403 effe
3367 4313 3668 4397 casualis
3713 4363 3740 4405 ‚
3816 4326 3994 4385 cum

2442 4457 2594 4514 non
2647 4429 2858 4532 poffit
2933 4429 3015 4506 in
3082 4425 3204 4506 sua
3272 4418 3565 4505 afflone
3644 4409 3995 4494 deficere.

2442 4537 2764 4637 Oportet
2818 4530 3044 4633 igitur
3119 4527 3316 4629 quod
3389 4522 3742 4624 producat
3826 4507 3996 4591 effe-

2444 4637 2651 4720 &tum
2703 4635 2915 4714 suum
2967 4658 3058 4713 ex
3108 4630 3250 4711 boc
3303 4627 3504 4728 quod
3536 4620 3775 4725 ipsum
3825 4609 3999 4694 effe·

2443 4738 2650 4820 &tum
2703 4736 3101 4837 intelligit,
3150 4733 3227 4813 8(
3278 4726 3629 4809 intendit.
3679 4720 3823 4806 Sed
3870 4736 4005 4820 per

2498 4865 2670 4919 uam
2721 4839 3086 4920 rationem
3138 4831 3496 4931 intelligit
3545 4853 3779 4908 unum
3832 4815 4003 5004 εξε-

3816 4951 3859 5006 a
3918 4948 4007 5004 os

2518 4968 2645 5028 um
2661 4998 2689 5046 ‚
2738 4940 2967 5048 potest
3019 4942 3095 5025 8(
3145 4936 3421 5022 multos
3469 4928 3767 5018 effestus
3833 5054 3883 5111 a
3932 5024 4009 5111 se
