4597 5696
1321 410 3080 486 c'ONTR·A-GENT1LE8'1;11.
3162 421 3219 485 1.

669 531 1051 619 infinitum
1100 585 1129 625 ,
1198 546 1281 610 nt
1352 530 1715 611 ostensum
1789 529 1888 608 est
1969 532 1997 631 (
2057 534 2224 636 cap.

664 637 926 718 xlx-u.-
971 634 999 732 )
1083 633 1450 720 itasuum
1504 633 1915 735 intelligere
1967 631 2066 714 est
2119 638 2225 715 in·

660 737 963 816 finitum
979 782 1005 812 ›.
1060 734 1262 814 Sicut
1315 750 1563 813 autern
1645 736 1716 812 se
1789 734 2008 816 habet
2060 736 2223 816 fini·

661 858 825 919 tum
877 839 967 915 ad
1021 834 1367 931 finitum,
1420 837 1526 915 ita
1580 836 1650 914 se
1703 837 1924 916 habet
1978 838 2223 918 infini-

546 995 557 1011 .
662 960 826 1019 tum
878 939 969 1017 ad
989 936 1402 1019 infinitum.
1456 938 1535 1019 Si
1557 937 1788 1037 igitur
1827 935 2221 1020 sec'undum

658 1040 1074 1138 intelligere
1099 1039 1469 1135 nostrum,
1521 1040 1717 1139 quod
1768 1039 2064 1120 finitum
2093 1041 2221 1137 est,

658 1142 1175 1245 finita'capere
1219 1141 1596 1241 possumus
1634 1195 1660 1237 ,
1732 1142 1807 1220 8<
1863 1147 2063 1223 Deus
2114 1145 2213 1223 se-

658 1244 981 1321 cundum
1056 1242 1272 1323 suum
1323 1240 1756 1344 intelligere
1829 1243 2210 1326 infinitum

660 1342 950 1421 infinita
1002 1369 1259 1444 capere
1308 1343 1585 1447 potesta
1685 1346 1692 1351 ’

769 1450 837 1522 6.
894 1450 1277 1526 Praeterea.
1334 1444 1760 1527 Intelleaus
1781 1448 2222 1549 cognoscens

660 1546 1074 1625 maximum
1141 1546 1620 1647 intelligibile
1671 1566 1734 1645 ,“
1771 1576 1923 1628 non
1974 1550 2222 1631 minus

664 1648 1038 1746 cognoscit
1091 1649 1427 1743 minora,
1482 1648 1600 1726 sed
1639 1651 1916 1748 magis,
1967 1670 2051 1731 ut
2102 1678 2226 1752 pa-

665 1766 771 1827 tet
823 1774 952 1849 per
1001 1748 1530 1849 Philosophum
1574 1749 1654 1828 in
1708 1754 1844 1830 111.
1895 1753 1990 1830 de
2043 1754 2223 1833 Ani-

665 1875 787 1930 ma
842 1852 867 1949 (
923 1862 1096 1930 text.
1145 1875 1338 1929 com:
1388 1874 1563 1927 v11.
1618 1852 1646 1949 )
1695 1851 1892 1951 quod
1943 1876 2032 1933 ex
2082 1854 2224 1933 hoc

665 1951 1054 2049 provenit,
1124 1952 1299 2051 quia
1354 1950 1798 2032 'intelletius
1862 1973 2014 2031 non
2067 1979 2222 2034 cor-

662 2054 1029 2153 rumpitur
1079 2079 1169 2131 ex
1219 2051 1609 2132 excellenti
1678 2052 1918 2135 intelli
1973 2056 2138 2134 ibili
2191 2098 2218 2154 ,

657 2152 836 2249 ficut
915 2153 1196 2235 sensus,
1270 2152 1392 2229 scd
1465 2154 1703 2253 magis
1775 2078 2146 2253 perlagcitur
2194 2211 2215 2232 .

658 2253 901 2332 Sedfi
955 2254 1403 2352 accipiantur
1454 2253 1745 2333 infinita
1775 2254 2018 2348 entia,
2070 2255 2218 2333 ssve

587 2357 590 2360 ’
657 2352 802 2432 fiat
851 2353 1170 2451 ejusdem
1222 2352 1550 2452 speciei,
1627 2371 1711 2433 ut
1760 2351 2039 2433 infiniti
2090 2356 2218 2435 ho·

657 2456 897 2533 mines
929 2492 988 2548 ,·
1030 2454 1177 2533 fi've
1227 2451 1682 2533 infinitarum
1737 2454 2140 2556 specierum
2189 2511 2218 2555 ,

664 2555 941 2634 etiamsi
995 2555 1242 2657 aliqua
1276 2608 1303 2652 ,
1347 2554 1475 2634 ‘vel
1526 2557 1780 2635 omnia
1833 2560 2061 2637 ess'ent
2112 2559 2219 2637 in-

659 2656 872 2737 finita
928 2658 1319 2737 secundum
1371 2657 1855 2757 quantitatem
1887 2712 1917 2756 ‚
1972 2658 2052 2737 si‘
2079 2658 2220 2739 hoc

547 2838 553 2845 .
649 2760 837 2845 ‘effet
889 2759 1268 2858 possibile,
1337 2758 1758 2836 universum
1812 2784 2067 2839 eorum
2119 2761 2219 2839 es-

658 2859 767 2939 set
818 2861 1128 2940 minoris
1199 2859 1585 2938 infinitatis
1661 2881 1886 2960 quam
1941 2867 2143 2941 Deus
2193 2890 2211 2936 ε

657 2983 838 3038 nam
888 2961 1269 3059 quodlibet
1320 2984 1572 3038 eorum
1611 2975 1650 3054 ,'
1707 2977 1783 3042 et
1832 2963 2086 3041 omnia
2137 2961 2217 3039 si·

664 3059 824 3138 mul
878 3062 1227 3140 haberent
1278 3063 1416 3139 effe
1444 3077 1860 3162 receptum,
1910 3079 1987 3142 et
2024 3063 2219 3142 limi·

653 3177 898 3242 ·tatum
948 3166 1040 3241 ad
1090 3164 1410 3262 aliquam
1467 3165 1776 3264 speciem
1805 3219 1832 3260 ‚
1908 3165 2030 3243 vel
2067 3185 2218 3266 'ge-

653 3288 862 3352 *nusy
895 3280 970 3343 et
1024 3261 1114 3342 fic
1169 3264 1557 3341 secundum
1612 3266 1890 3364 aliquid
1911 3268 2090 3344 esset
2143 3266 2222 3344 fi-

658 3364 1129 3464 nimmffljde
1171 3363 1506 3441 deficeret
1532 3366 1627 3441 ab
1658 3364 2017 3444 infinitate
2050 3366 2222 3462 Dei,

665 3461 960 3566 qui-est
1002 3464 1334 3544 infinitus
1385 3464 1846 3564 simpliciter,
1900 3487 1981 3544 ut
2011 3467 2216 3566 supra

619 3564 700 3662 ⁴⁴(
731 3583 895 3664 cap.
958 3592 1068 3644 ιν.
1120 3567 1148 3664 )
1199 3565 1557 3644 ostensum
1603 3566 1743 3643 est.
1778 3568 2217 3666 ‚Quumigiv

661 3671 1003 3745 turDeus
1058 3666 1368 3767 perfecie
1425 3663 1493 3743 se
1547 3668 1782 3766 ipsum
1809 3670 2222 3768 cognoscat,

635 3767 857 3846 nihil
907 3770 1247 3868 prohibet
1297 3793 1469 3847 eum
1522 3770 1748 3847 etiam
1774 3770 1981 3848 illam
2035 3770 2220 3847 sum·

661 3893 871 3948 mam
923 3870 1381 3951 infinitorum
1433 3871 1906 3970 cognoscere.

645 3965 652 3972 ’
763 3995 836 4067 7.
891 3971 1153 4049 Adhuc
1189 4029 1207 4047 .
1264 3971 1569 4071 Quanto
1617 3971 1880 4071 aliquis
1933 3970 2215 4053 intelle-

659 4067 820 4148 &us
890 4071 986 4148 est
1056 4072 1422 4150 efficacior
1465 4126 1490 4167 ,
1563 4091 1639 4151 et
1691 4073 2081 4173 ,limpidior
2132 4075 2214 4152 in

627 4172 1205 4267 cognoscendo,
1258 4177 1571 4251 tanto'ex
1624 4195 1773 4253 uno
1812 4175 2036 4273 potest
2061 4172 2217 4284 piu·

656 4291 739 4345 ra
808 4272 1242 4368 cognoscere
1293 4300 1317 4360 ς
1412 4272 1590 4354 ficut
1672 4276 1938 4353 omnis'
1985 4275 2217 4355 virtus

658 4387 939 4468 quanto
1004 4372 1099 4447 est
1154 4371 1414 4452 fortior
1449 4427 1476 4470 ,
1550 4393 1757 4454 tanto
1823 4374 1925 4454 est
1977 4377 2216 4478 magis

655 4469 865 4549 unita
893 4526 911 4545 .
969 4473 1389 4553 Intellefins
1454 4493 1701 4553 autem
1774 4476 2064 4558 divinus
2116 4480 2215 4557 se-

633 4573 980 4650 eundum
1014 4574 1417 4655 efficaciam
1436 4632 1461 4673 ,
1504 4576 1648 4655 five
1683 4576 2212 4682 perfestionem

654 4670 759 4750 est
808 4672 1179 4769 infinituS,
1232 4697 1315 4756 ut
1365 4678 1568 4775 supra
1618 4679 1646 4779 (
1696 4704 1851 4779 cap.
1901 4681 2213 4781 xlm.)

654 4773 1028 4853 ostensum
1068 4777 1202 4854 est.
1256 4777 1494 4858 Potest
1545 4803 1724 4880 ergo
1774 4805 1901 4879 per
1950 4808 2212 4880 unum,

659 4875 859 4971 quod
928 4877 1028 4955 est
1097 4878 1224 4959 fua
1290 4879 1589 4966 essentia
1638 4935 1669 4980 ,
1734 4880 2025 4986 infinita
2094 4912 2215 4968 co·

656 4974 1000 5075 gnoscere
1029 5023 1058 5058 2
1987 5041 1996 5048 .

3848 431 3931 511 ⁸7

2439 530 2503 612 ’8.
2556 531 2945 614 Praeterea.
3004 534 3428 617 Intellefiu's
3477 538 3768 622 divinus
3791 538 3899 621 est

2330 635 2688 740 perfecius
2738 633 3210 738 simpliciter,
3262 637 3439 718 sicut
3489 640 3741 738 eteius
3793 642 3897 720 es·

2331 740 2598 818 sentia.
2652 740 2888 819 Nulla
2937 739 3163 840 igitur
3214 739 3573 840 perseffio
3621 741 3898 820 intelli-

2325 842 2579 941 gibilis
2632 840 2701 918 ei
2753 840 2942 920 deest
2983 899 3003 919 .
3080 842 3220 921 Sed
3271 843 3347 921 id
3397 845 3488 923 ad
3539 846 3735 944 quod
3770 843 3897 922 ‘est

2326 943 2409 1021 in
2509 942 2792 1021 otentia
2829 942 3240 1024 intellectus
3266 943 3545 1041 noster,
3597 944 3700 1023 est
3739 944 3896 1043 ejus

2325 1068 2453 1145 per
2480 1044 2676 1123 ectio
2724 1044 3265 1145 intelligibili33
3332 1046 3432 1125 est
3504 1063 3755 1126 autem
3807 1046 3897 1124 in

2313 1145 2646 1246 potentia
2717 1148 2809 1224 ad
2883 1173 3139 1227 omnes
3209 1147 3248 1224 s
3288 1148 3477 1227 ecies
3526 1147 3894 1245 intelligi-

2318 1247 2543 1336 biles,
2598 1246 2866 1348 species
2934 1267 3184 1327 autem

3288 1249 3665 1349 ujusmodi-
3719 1249 3896 1327 sunt*

2326 1348 2665 1427 infinitae:
2724 1372 2898 1450 nam
2950 1350 3177 1428 etiam
3212 1374 3688 1429 numerorum
3741 1348 3892 1451 spe«-

2323 1452 2471 1531 cies
2524 1449 2828 1528 infinitae
2885 1451 3094 1547 sunt,
3148 1468 3222 1530 et
3251 1451 3687 1551 figurarum.
3740 1455 3894 1529 Rea

2324 1552 2682 1652 linquitur
2722 1553 2962 1652 igitur
3014 1553 3213 1652 quod
3237 1558 3439 1633 Deus
3488 1552 3742 1653 omnia
3772 1552 3896 1656 *in-

2326 1648 2537 1752 finita
2589 1652 2998 1750 hujusmodi
3050 1654 3475 1753 cognoscat.

2435 1782 2501 1855 9.
2560 1759 2748 1833 Item
2769 1802 2795 1815 -
2848 1759 3109 1854 Quum
3159 1738 3607 1835 intellectus‘

2326 1853 2412 1931 fit
2462 1855 3004 1954 cognoscitivus
3076 1854 3535 1935 infinitorum
3623 1754 3895 2035 ἰὲοὲοῗ·

3768 1981 3892 2073 Pe·

2302 1956 2555 2057 „tentia
2607 1954 2882 2054 (potest
2935 1957 3140 2034 enim
3195 1957 3275 2034 in
3314 1951 3705 2037 'infinitum

2321 2057 2469 2134 cies
2516 2078 2992 2135 numerorum
3045 2058 3534 2157 multiplicare
3589 2058 3721 2156 ),s1
3775 2068 3899 2136 in*

2320 2155 2650 2253 tellec’tus
2675 2155 2968 2255 divinus
3019 2182 3169 2235 non
3201 2159 3667 2258 cognosceret
3696 2158 3891 2238 infia-
3930 2216 3937 2223 ἢ

2320 2254 2505 2332 nita·
2526 2256 2754 2335 etiam
2805 2270 3012 2352 actu,
3067 2259 3135 2334 se
3188 2276 3475 2338 ueretur
3518 2260 3722 2358 quod
3752 2256 3879 2338 vel

2398 2356 2642 2435 urium
2674 2359 2866 2465 ,esset
2886 2282 3425 2458 cognos‘citivus
3469 2359 3889 2443 intellectus

2374 2482 2679 2538 umanus
2760 2484 2984 2561 quam
3052 2459 3344 2551 divinus
3379 2510 3423 2559 ,·
3474 2462 3596 2540 vel
3679 2460 3887 2563 quod

2322 2559 2739 2640 intellectus
2807 2561 3099 2639 divinus
3172 2589 3324 2642 non
3408 2563 3887 2660 cognosceret

2321 2662 2574 2741 omnia
2624 2678 2791 2740 actu
2844 2682 3159 2762 quorum
3212 2663 3308 2740 est
3336 2659 3884 2763 cognoscitivus

2322 2762 2862 2866 inpotentia:
2932 2786 3246 2865 quorum
3314 2780 3706 2864 utrumque
3772 2760 3881 2840 efl:

2320 2863 2759 2963 impoffibile
2795 2918 2823 2961 ,
2894 2882 2985 2944 ut
3026 2889 3116 2944 ex
3169 2864 3587 2968 supradictis
3638 2865 3876 2968 (cap.

2321 2964 2523 3042 1111.
2578 2982 2652 3045 et
2701 2965 2851 3043 lvi.
2901 2965 2935 3064 )
2982 2981 3221 3068 patet.
3340 2991 3359 3006 ·
3684 3063 3689 3066 ¹

2435 3093 2545 3143 10.
2601 3065 2865 3146 Adhuc
2896 3123 2917 3144 .
2976 3067 3385 3166 ‚Infinitum
3461 3063 3880 3172 cognitioni

2320 3182 2675 3285 repugnat
2693 3222 2744 3285 ·,
2811 3169 3252 3278 inquantum
3321 3193 3407 3285 re
3454 3183 3679 3286 ugnat
3748 3193 3882 3249 nu·

2325 3287 2754 3348 metatiom:
2813 3294 2988 3347 nam
3040 3288 3274 3368 partes
3312 3297 3394 3350 in
3450 3289 3882 3366 nitinume·

2326 3369 2469 3445 rari
2518 3369 2915 3471 ⁸secundnm
2973 3370 3041 3448 se
3064 3369 3504 3470 impoffibile
3537 3372 3679 3468 est,
3706 3367 3889 3474 qua:

2320 3468 2371 3545 fi
2424 3470 3076 3548 contradictionem
3102 3474 3488 3572 implicans
3511 3531 3531 3550 .
3582 3478 3881 3575 Cogno·

2321 3569 2510 3647 scere
2550 3586 2807 3667 ⁸autern
2838 3571 3114 3671 aliquid
3132 3598 3260 3672 per
3286 3576 3877 3654 numerationem

2328 3671 2614 3750 suarum
2665 3672 2985 3773 partium
3019 3728 3046 3769 ‚
3113 3673 3213 3752 est
3263 3676 3674 3772 intellectus
3727 3676 3879 3756 suc-

2322 3774 2584 3853 ceffive
2638 3775 3140 3875 cognoscentis
3191 3776 3681 3878 partem-post
3717 3801 3876 3880 par·

2317 3891 2473 3953 t'em
2511 3930 2536 3971 ,
2605 3902 2755 3955 non
2843 3891 3089 3958 autem
3178 3878 3589 3961 intellectus
3656 3877 3875 3960 fimul
4018 3932 4023 3936 -

2317 3977 2626 4056 diversas
2659 3995 2894 4077 partes
2914 3978 3516 4079 apprehendentis
3537 4038 3556 4057 .
3613 3983 3876 4082 Quum

2318 4077 2548 4177 igitur
2595 4079 2890 4158 divinus
2941 4079 3351 4161 intellectus
3404 4085 3671 4183 absque
3723 4084 3877 4164 suc·

2317 4178 2626 4256 ceffione
2675 4181 3063 4279 cognoscat
3112 4184 3364 4261 omnia
3410 4184 3663 4280 fimul,
3716 4210 3877 4266 non

2319 4279 2554 4378 magis
2609 4277 3005 4380 impeditur
3071 4285 3506 4385 cognoscere
3574 4284 3873 4387 infinita

2319 4405 2545 4481 quam
2598 4380 2846 4461 finita.
2886 4389 2909 4408 ⁴

2428 4510 2541 4561 τι.
2612 4485 2993 4586 Amplius.
3050 4487 3321 4567 Omnis
3371 4493 3738 4593 quantitas
3787 4490 3871 4571 in

2312 4586 2628 4762 quadam
2679 4588 3293 4690 multiplicatione
3323 4596 3642 4694 partium
3693 4595 3893 4673 con'·‘

2342 4713 2360 4761 1

2368 4686 2543 4801 siit,
2626 4704 2700 4767 et
2766 4710 3061 4792 propter
3126 4692 3268 4776 hoc
3336 4715 3682 4778 numerus
3722 4717 3729 4725 ·
3764 4695 3923 4775 est.

2363 4811 2551 4866 rima
2652 4793 3091 4874 uantitatum
3120 4855 3151 4888 .,
3196 4798 3351 4876 Ubi
3404 4821 3607 4897 ergo
3631 4798 3867 4897 plura-

2348 4888 2481 4967 itas
2501 4890 2625 4968 nul
2659 4917 2781 4972 am
2815 4893 3305 4982 differentiam
3332 4917 3712 4998 operatur,
3754 4896 3863 4975 ibi

2215 5043 2222 5048 ·
2314 5012 2453 5080 nec
2522 4992 2809 5098 aliquid
2870 5001 3067 5100 quod
3133 4999 3616 5100 quantitatem
3687 5008 3867 5080 con.-

3764 5097 3868 5186 se·
