4597 5696
743 353 822 420 18
1348 350 1487 417 DE
1543 351 2133 429 VERITATE
2186 356 2915 438 CATHQLICAE
2975 358 3354 450 FIDEI·

735 472 952 560 betur
1002 467 1220 573 idem*
1249 469 1451 567 quod
1495 468 1737 569 prius,
1772 468 2046 552 scilicet
2082 473 2280 573 quod

733 570 1027 671 aliquid·
1062 568 1151 648 fit
1220 594 1528 648 movens
1578 570 2006 650 immobiles
2056 588 2057 591 ‘
2240 650 2243 653 ,

838 674 1030 750 Non
1076 684 1324 750 autem
1373 669 1604 772 potest
1655 674 1800 751 dici
1852 728 1883 769 ,
1929 677 2127 774 quod
2201 702 2279 754 u·

732 784 999 871 traque.
1042 796 1206 873 pars
1253 789 1637 853 moveatur
1656 829 1683 870 ‚
1734 774 1840 853 ita
1888 778 2085 876 quod
2134 801 2287 856 una

736 872 833 953 ab
885 871 1032 950 alia
1080 934 1105 967 ,
1152 898 1391 973 neque
1438 875 1635 974 quod
1686 902 1832 953 una
1897 902 2057 977 pars
2126 902 2281 957 mo-

735 985 907 1065 veat
957 972 1027 1052 se
1077 973 1307 1074 ipsam
1355 1028 1384 1070 ‚
1433 977 1509 1055 8<
1557 994 1855 1056 moveat
1904 977 2206 1058 alteram
2247 1032 2287 1073 ,.

740 1096 983 1175 neque
1032 1077 1232 1175 qudd
1285 1088 1524 1155 totum
1574 1096 1873 1163 moveat
1923 1090 2285 1195 partem-3

734 1178 1223 1389 mx?
1260 1197 2286 1375 5132f⁸mffsssvf³1320t3523¹2¹1333ss

737 1371 838 1450 scr
871 1391 1017 1452 icet
1064 1378 1264 1474 quod
1314 1375 1591 1476 aliquid
1640 1376 1851 1456 simul
1902 1398 2233 1459 moveret
2256 1436 2284 1476 ,

738 1471 815 1586 ὃς
839 1492 1287 1553 ⁸¹moveretur
1339 1476 1731 1556 secundum
1770 1483 2103 1557 eamdem
2137 1482 2282 1581 spe·.

735 1593 935 1653 ciem
982 1582 1232 1655 motus
1273 1602 1300 1671 3
1349 1577 1423 1654 8<
1473 1581 1675 1678 quod
1722 1578 1931 1657 fimul
1983 1583 2154 1659 effet
2205 1583 2284 1659 in

732 1675 1075 1772 potentia·
1116 1730 1144 1771 ‚
1193 1678 1267 1755 8<
1316 1694 1483 1757 actu
1537 1704 1561 1766 3
1610 1680 1683 1757 8t
1737 1680 2039 1760 ulterius
2088 1686 2285 1781 quod

736 1787 979 1857 totum
1027 1801 1183 1855 non
1232 1780 1404 1861 esset
1469 1779 1713 1879 prixno
1777 1806 2085 1861 movens
2134 1783 2204 1860 se
2254 1836 2282 1877 ‚

736 1873 869 1959 sed
907 1876 1190 1955 ratione
1240 1880 1463 1976 partis
1514 1880 1541 1976 (
1566 1883 2058 1984 VIILPhys.
2086 1900 2277 1969 sext.

733 1977 1650 2079 eomm.v..)Relinquitur
1679 2006 1856 2078 ergo
1891 1986 2088 2079 quod
2122 2009 2269 2060 mo

742 2077 988 2157 ventis
1019 2077 1088 2154 se
1122 2077 1363 2173 ipsum
1395 2097 1688 2177 oportet
1740 2107 1979 2162 unam
1999 2101 2278 2179 partem

738 2177 878 2250 effe
931 2174 1398 2255 immobilem
1446 2178 1523 2256 &
1575 2197 2005 2259 moventem
2054 2181 2280 2259 aliam

726 2289 1013 2373 partem
1040 2329 1066 2353 .

839 2376 981 2454 Sed
1045 2376 1217 2477 quia
1282 2378 1363 2458 in
1429 2380 1898 2459 moventibus
1934 2381 2045 2473 se,
2112 2406 2271 2481 quae

731 2470 898 2557 sunt
946 2480 1135 2577 apud
1186 2506 1323 2560 nos
1371 2535 1398 2577 ‚
1450 2480 1724 2559 scilicet
1792 2482 1869 2559 in
1938 2482 2270 2561 animali-

733 2574 875 2656 bus
922 2636 944 2672 ‚
995 2604 1160 2678 pars
1206 2607 1516 2661 movens
1561 2636 1589 2676 3
1642 2582 1914 2661 scilicet
1964 2583 2210 2661 anima
2248 2638 2287 2677 ‚.

726 2675 858 2768 etsi
913 2677 1005 2758 fit
1051 2680 1463 2763 immobilis
1532 2708 1664 2783 per
1737 2683 1806 2760 se
1855 2738 1882 2778 ‚
1935 2703 2274 2789 movetur

728 2790 985 2857 tamen
1060 2807 1188 2881 per
1270 2785 1599 2865 accidens
1649 2811 1673 2875 3
1746 2785 1912 2866 ideo
1979 2784 2281 2866 ulterius

734 2877 1088 2976 ostendit,
1138 2887 1335 2983 quod
1385 2885 1605 2984 primi
1658 2887 2027 2963 moventis
2079 2887 2147 2963 se
2174 2887 2274 2987 ip-

730 2975 895 3054 sum
966 3004 1126 3077 pars
1197 3008 1503 3064 movens
1567 3009 1719 3062 non
1771 3003 2107 3063 movetur
2159 3012 2271 3063 ne-

730 3102 879 3176 que
964 3104 1093 3178 per
1162 3082 1234 3159 se
1286 3138 1311 3176 ‚
1364 3110 1456 3161 ne
1510 3109 1601 3161 ue
1669 3108 1795 3182 per
1871 3086 2198 3164 accidens
2252 3114 2270 3164 ε

728 3182 1111 3259 moventia
1176 3185 1381 3261 enim
1482 3209 1525 3261 e
1641 3210 1747 3262 uae
1816 3184 2000 3263 ‚sunt
2084 3189 2274 3285 apud

730 3303 945 3375 nos,
1016 3283 1289 3364 scilicet
1368 3210 1718 3364 animzflia
1766 3339 1793 3379 ‚
1878 3307 2050 3363 cum
2135 3286 2273 3364 smt

726 3381 1233 3480 corruptibilia
1287 3438 1314 3479 ,
1382 3410 1543 3484 pars
1624 3406 1929 3463 movens
1998 3385 2077 3463 in
2162 3387 2277 3466 eis

725 3500 1072 3560 movetur
1120 3509 1249 3585 per
1326 3484 1660 3564 accidens
1710 3542 1727 3559 .
1786 3488 2094 3564 Necesse
2166 3486 2267 3565 est

723 3597 973 3662 autem
1025 3586 1401 3665 moventia
1456 3586 1524 3662 se
1591 3586 2096 3685 corruptibilia
2163 3612 2266 3664 re·

726 3682 893 3759 duci
946 3686 1036 3758 ad
1086 3686 1381 3783 aliquod
1432 3688 1752 3782 primum
1823 3711 2127 3763 movens
2199 3687 2271 3762 se

724 3782 923 3878 quod
975 3781 1062 3857 fit
1111 3783 1628 3881 sempiternum
1658 3840 1675 3857 .
1732 3786 2036 3864 Necefl'e
2088 3808 2264 3881 ergo

728 3877 826 3957 est
892 3879 1217 3979 aliquem
1305 3900 1671 3962 motorem
1757 3887 1895 3961 ess'e
1962 3882 2267 3980 alicujus

727 3982 1098 4061 moventis
1162 3983 1243 4060 se
1306 3983 1542 4084 ipsum
1593 4036 1621 4075 ‚
1670 3985 2089 4083 qui.neque
2141 4009 2269 4083 per

724 4078 800 4162 se
849 4135 878 4174 ‚
926 4107 1162 4184 neque
1213 4110 1340 4185 per
1415 4084 1743 4164 accidens
1812 4101 2195 4163 moveatur
2245 4142 2265 4161 .

730 4245 737 4250 .
822 4184 1055 4279 Quod
1108 4204 1354 4268 autem
1408 4187 1686 4263 necesse
1718 4187 1814 4266 sit
1868 4186 2261 4264 secundum

726 4279 927 4396 suam
978 4286 1439 4384 positionem.
1472 4287 1771 4386 aliquod
1836 4299 2143 4366 movens
2195 4287 2268 4367 se

726 4382 964 4480 ipsum
1015 4440 1044 4480 ‚
1116 4387 1639 4486 sempiternum
1707 4390 1846 4466 effe
1899 4441 1927 4482 ‚
1995 4404 2195 4486 patet
2244 4443 2265 4465 .

731 4482 819 4566 si
879 4486 1358 4567 enirnmotus
1426 4488 1527 4565 est
1597 4488 2070 4589 sempiternus
2107 4540 2135 4579 ‚
2185 4503 2269 4566 ut

725 4582 877 4682 ipse
930 4587 1269 4687 supponit
1317 4588 1344 4684 (
1398 4589 1527 4666 ubi
1583 4588 1789 4688 supra
1840 4602 2012 4667 text.
2064 4588 2262 4666 xlv1.

722 4684 796 4761 8<
867 4686 1053 4765 infra
1103 4741 1129 4783 ‚
1202 4687 1231 4785 )
1303 4705 1611 4786 oportet.
1643 4691 1838 4786 quod
1893 4688 2267 4787 generatio

722 4789 1188 4868 moventium
1241 4787 1310 4867 se
1364 4789 1515 4889 ipsa
1556 4814 1592 4881 ‚·
1632 4813 1809 4885 quae.
1848 4788 2010 4867 sunt
2059 4813 2277 4886 gene·

721 4889 988 4972 rabilia
1033 4942 1065 4988 ,
1112 4908 1187 4970 et
1235 4887 1742 4994 corruptibilia
1792 4940 1821 4986 ‚
1872 4887 1969 4968 sit
2033 4909 2279 4992 perpe·

2384 488 2545 554 tua.
2601 473 2740 553 Sed
2790 470 3002 568 huius
3052 468 3751 573 perpetuitatisnon
3801 495 3936 571 po-

2385 572 2516 653 test
2568 575 2710 653 effe
2757 574 2968 654 causa
3032 573 3351 673 aliquod.
3398 573 3425 652 i
3480 572 3715 653 sorum
3770 598 3937 652 mo·

2384 676 2720 755 ventium
2776 676 2845 754 se
2895 729 2922 770 ‚
2972 675 3146 774 quia
3194 700 3350 754 non
3450 699 3700 775 emper
3768 672 3931 766 est3

2381 801 2520 854 nec
2566 776 2793 856 simul
2841 776 3144 870 omnia,
3198 791 3358 855 tum
3463 777 3587 854 uia
3639 774 3932 853 infinita

2381 879 2610 955 essent
2659 933 2687 972 ‚
2738 894 2899 955 tum
2949 877 3122 975 quia
3174 902 3326 955 non
3436 893 3569 954 unt
3632 874 3855 954 simul
3907 929 3929 952 .

2388 978 2863 1078 Relinquitur
2938 1000 3116 1074 ergo
3182 977 3383 1076 quod
3431 992 3721 1075 oportet
3789 977 3934 1052 esse

2386 1080 2685 1179 aliquod
2737 1103 3049 1157 movens
3102 1076 3174 1154 se
3226 1077 3461 1176 ipsum
3497 1092 3964 1176 perpetuum.

2384 1180 2581 1278 quod
2629 1180 2871 1257 causat
2921 1178 3478 1278 perpetuitatem
3528 1173 3933 1276 generatio·

2383 1281 2502 1358 nis
2548 1334 2576 1375 ‚
2626 1280 2707 1358 in
2759 1279 2890 1360 his'
2926 1274 3390 1357 inferioribus
3456 1275 3933 1360 moventibus

2387 1381 2457 1458 se
2508 1407 2535 1473 3
2587 1398 2662 1459 et
2710 1379 2814 1458 sic
2866 1396 3134 1460 motor*
3163 1379 3315 1473 'ejus
3364 1404 3516 1458 non
3585 1393 3933 1454 movetur

2384 1506 2624 1580 neque
2675 1507 2800 1580 per
2853 1481 2925 1564 se
2975 1535 3003 1576 ‚
3053 1504 3291 1579 neque
3313 1538 3318 1545 .
3343 1504 3469 1579 per
3520 1478 3855 1557 accidens
3903 1528 3929 1553 .

2425 1617 2435 1625 ·
2495 1587 2687 1661 Item
2738 1639 2759 1656 .
2812 1585 2901 1660 In
2950 1580 3422 1663 moventibus
3471 1578 3546 1657 se
3595 1578 3933 1656 videmus

2384 1685 2582 1781 quod
2632 1682 2875 1781 aliqua
2928 1682 3290 1780 incipiunt
3339 1681 3431 1760 de
3500 1704 3704 1759 novo
3771 1702 3932 1757 mo-

2385 1783 2546 1860 veri
2615 1799 2906 1882 propter
2974 1783 3314 1882 aliquem.
3361 1795 3652 1863 motum
3698 1830 3729 1872 ‚
3778 1800 3934 1876 quo

2383 1908 2535 1961 non
2586 1899 2979 1962 moventur
3029 1909 3074 1959 a
3122 1882 3193 1959 se
3249 1882 3421 1980 ipsis
3457 1933 3485 1974 ‚
3533 1881 3722 1958 sicut
3772 1877 3928 1954 ani-

2383 1982 2534 2059 mal
2600 2009 2770 2061 cum
2849 1983 3198 2061 excitatur
3248 2008 3293 2057 a
3345 1981 3606 2058 somno
3653 2032 3679 2071 ‚
3731 1978 3929 2076 dige-

2381 2082 2490 2159 sto
2539 2083 2758 2175 cibo,
2796 2099 2923 2158 aut
2972 2105 3134 2156 aere
3186 2077 3529 2156 alterato:
3572 2103 3725 2174 quo
3765 2076 3925 2173 qui·

2381 2183 2552 2257 dem
2602 2197 2811 2259 motu
2865 2178 3014 2278 ipse
3064 2194 3310 2256 motor
3358 2199 3668 2254 movens
3707 2175 3776 2253 se
3814 2177 3924 2273 ip-

2387 2282 2594 2371 sum,
2644 2296 2985 2358 movetur
3033 2302 3165 2378 per
3204 2277 3576 2355 accidens.
3619 2278 3733 2353 Ex
3761 2299 3924 2373 „quo

2376 2378 2603 2480 potest
2671 2381 2903 2479 accipi
2974 2380 3171 2478 quod
3252 2375 3539 2454 nullum
3614 2400 3922 2454 movens

2376 2482 2446 2559 se
2500 2482 2735 2581 ipsum
2787 2497 3125 2559 movetur
3177 2475 3714 2576 semper-,cujus
3766 2500 3921 2553 mo-

2376 2600 2491 2661 tor
2564 2600 2907 2662 movetur
2982 2605 3109 2680 per
3183 2579 3253 2655 se
3304 2631 3330 2670 ‚
3384 2578 3504 2654 vel
3559 2600 3685 2676 per
3733 2575 3917 2653 acci-

2376 2685 2551 2762 dens
2575 2739 2594 2758 .
2650 2684 2979 2761 Primum
3031 2704 3340 2759 movens
3389 2677 3461 2756 se
3504 2678 3737 2777 ipsum
3761 2701 3920 2754 mo-

2380 2803 2589 2863 vetur
2642 2783 2922 2884 semper
2973 2807 2998 2872 3
3048 2780 3226 2859 alias
3275 2803 3426 2857 non
3479 2781 3707 2878 poss'et
3775 2777 3918 2855 ess'e

2379 2903 2621 2964 motus
2678 2886 3385 2984 sempitemus‚cum
3437 2881 3678 2958 omnis
3731 2878 3917 2956 alius

2377 3004 2622 3064 motus
2689 3013 2733 3062 a
2801 3003 3012 3062 motu
3090 2981 3311 3082 primi
3385 2979 3756 3058 moventis
3845 2980 3918 3056 se

2379 3086 2613 3185 ipsum
2700 3086 3065 3165 causetur.
3144 3080 3615 3180 Relinquitur
3693 3079 3920 3178 igitur

2375 3189 2572 3285 quod
2603 3186 2926 3285 primum
2965 3207 3274 3296 moveris
3327 3182 3399 3258 se
3450 3180 3916 3280 ipsum‚mo-

2379 3305 2587 3364 vetur
2637 3313 2681 3363 a
2753 3301 3040 3388 motore
3106 3309 3236 3383 qut
3323 3307 3476 3360 non
3574 3298 3918 3359 movetur

2368 3412 2606 3487 neque
2660 3412 2786 3486 per
2837 3386 2905 3464 se
2958 3441 2986 3481 ‚
3038 3409 3271 3483 neque
3323 3405 3452 3479 per
3500 3382 3830 3458 accidens
3887 3436 3909 3456 .

2470 3491 2639 3568 Nec
2674 3487 2768 3564 est
2794 3504 3046 3564 contra
3100 3485 3285 3558 hanc
3323 3480 3683 3555 tationem
3713 3480 3913 3575 quod

2372 3606 2690 3666 motores
2746 3584 3174 3663 inferiorum
3240 3578 3533 3654 orbium
3603 3591 3915 3654 movent

2373 3682 3232 3780 motum‘sempiternum
3285 3728 3311 3767 ‚
3381 3693 3455 3751 et
3506 3693 3753 3752 tamen
3805 3675 3909 3753 di-

2364 3802 2625 3864 cuntur
2677 3782 2959 3860 moveri
3012 3803 3140 3878 per
3188 3775 3555 3889 accidens:
3594 3775 3765 3874 quia
3802 3775 3909 3854 di·

2366 3905 2627 3963 cuntur
2680 3882 2961 3959 moveri
3015 3903 3144 3978 per
3191 3877 3517 3954 accidens
3540 3930 3565 3967 ‚
3600 3902 3752 3953 non
3803 3901 3910 3953 ra-

2370 3985 2574 4063 tione
2628 3984 2732 4063 sui
2787 3983 3106 4079 ipsorum
3157 4033 3183 4073 ‚
3237 3977 3355 4054 sed
3406 3976 3685 4053 ratione
3754 3976 3911 4056 suo—

2370 4111 2536 4167 rum
2588 4082 2983 4164 mobilium
3025 4134 3050 4176 ,
3101 4104 3257 4179 quae
3311 4075 3703 4177 sequuntur
3751 4100 3912 4155 mo-

2368 4205 2528 4269 tum
2581 4182 2961 4285 superioris
3009 4182 3283 4260 orbis..
3896 4209 3910 4224 ³

2470 4289 2613 4367 Sed
2662 4285 2834 4386 quia
2888 4288 3089 4362 Deus
3157 4305 3308 4358 non
3371 4275 3474 4356 est
3545 4302 3706 4379 pars
3777 4276 3912 4357 ali·
4031 4365 4042 4366 ἶ

2368 4386 2571 4485 eujus
2644 4386 3013 4466 moventis
3081 4382 3193 4459 se·
3227 4380 3459 4479 ipsum
3507 4433 3535 4472 ‚
3604 4380 3918 4458 ulterius-

2379 4487 2802 4567 Aristoteles
2854 4486 2935 4564 in
2988 4483 3106 4560 sua
3161 4476 3536 4579 Metaph.(
3561 4480 3909 4558 Lib.XlI.

2365 4612 2634 4668 comm.
2658 4612 2849 4667 xxxv
2868 4583 2972 4680 1.)
3005 4582 3386 4681 investigat
3434 4607 3526 4661 ex
3576 4580 3718 4658 hoc-
3750 4587 3909 4657 r‘no·

2372 4705 2530 4768 tore
2580 4742 2608 4781 ‚
2658 4687 2785 4785 qui
2838 4682 2939 4762 est
2991 4708 3149 4783 pars
3221 4682 3592 4761 moventis
3660 4682 3734 4760 se
3801 4679 3910 4776 ip-

2381 4777 2583 4882 sum,
2617 4789 2847 4865 alium
2897 4801 3263 4863 motorem
3315 4783 3715 4882 separatum
3747 4804 3908 4858 om·

2379 4888 2603 4987 nine,
2651 4888 2782 4991 qui
2833 4885 2933 4968 est
2984 4890 3187 4972 Dens
3208 4942 3228 4962 .
3260 4888 3457 4966 Cum
3506 4884 3709 4963 enim
3748 4902 3920 5055 om}

3315 5001 3328 5016 ³
3817 5002 3873 5055 n
