4597 5696
1289 360 2720 446 cONT·RA·GENT11.Es
2802 360 3053 432 213.
3132 363 3229 430 Π.

765 440 779 453 ’
867 490 929 557 c
1011 489 1077 560 Α
1158 489 1210 556 1>
1294 492 1357 559 u
1445 491 1507 557 τ
1633 486 1955 582 xxxm.

771 619 1048 683 Rationes
1084 635 1153 681 α
1186 632 1350 700 parte
1388 633 1762 679 creaturarum
1796 610 2036 693 sumpta·
2057 648 2077 670 .

616 771 623 776 ’
776 783 943 865 Unt
990 793 1241 859 autem
1289 776 1365 858 8<
1412 774 1560 856 alia
1611 800 1703 856 ex
1754 789 1957 891 parte
2010 793 2203 856 crea·

827 901 1156 973 rutarum
1206 897 1507 981 accepta
1524 933 1551 977 ‚
1574 903 1735 982 quae
1757 879 1956 956 idem
1974 872 2204 954 osten-

647 994 821 1072 dere
875 986 1255 1065 videntur.

770 1118 830 1169 1.
885 1090 1074 1189 Quae
1128 1084 1336 1165 enim
1388 1106 1541 1164 non
1603 1081 1887 1160 ¹babent
1951 1088 2206 1182 poten·

655 1194 846 1277 tiam
900 1193 994 1271 ad
1046 1213 1200 1269 non
1250 1187 1441 1283 effe,
1494 1181 1935 1287 impoffibile
1990 1179 2091 1260 est
2119 1200 2209 1298 ea

650 1320 807 1378 non
857 1294 997 1373 effe
1034 1349 1055 1370 .
1135 1290 1501 1390 Quaedam
1582 1305 1835 1368 autem
1909 1284 2075 1364 sunt
2126 1307 2208 1399 m

647 1395 998 1479 creaturis
1048 1393 1131 1472 in
1186 1392 1457 1493 quibus
1511 1416 1662 1470 non
1715 1387 1815 1468 est
1868 1399 2205 1488 potentia

642 1503 744 1581 ad
794 1525 948 1579 non
999 1497 1184 1576 esse:
1256 1520 1412 1574 non
1481 1492 1703 1592 enim·
1760 1488 1992 1590 potest
2064 1489 2203 1566 effe

646 1600 984 1787 Kotenna
1035 1600 1128 1676 ad
1178 1621 1332 1676 non
1353 1597 1493 1675 effe
1549 1592 1683 1673 nisi
1739 1592 1819 1677 in
1875 1590 2022 1671 illis
2045 1615 2204 1689 quae

710 1732 749 1782 a

754 1705 930 1782 bent
983 1699 1373 1779 materiam
1424 1693 1928 1776 contrarietati
1983 1694 2241 1791 subjer

650 1805 892 1889 Elam:
998 1801 1278 1881 otentia
1330 1799 1535 1878 enim
1572 1800 1666 1876 ad
1718 1796 1905 1892 effe,
1955 1795 2029 1874 8<
2057 1819 2211 1874 non

650 1910 842 2002 effe,
891 1929 934 1984 e
1046 1902 1378 2004 potentia
1427 1901 1519 1979 ad
1548 1898 2095 2000 privationem,
2137 1895 2213 1973 8(

656 2008 1025 2100 formam,
1075 2028 1394 2106 quorum
1446 1999 1856 2098 subjeetum
1909 1997 2009 2076 est
2061 2023 2217 2077 ma·

656 2112 890 2192 teria:
948 2105 1273 2208 privatio
1322 2127 1505 2183 vero
1554 2102 1836 2204 semper
1885 2100 2105 2214 adjun
2160 2099 2217 2177 i·

656 2230 782 2291 tur
834 2209 1087 2294 formae
1142 2204 1523 2286 contrariae
1547 2258 1574 2298 ‚
1641 2228 1814 2283 cum
1899 2228 2109 2302 impo
2164 2228 2218 2278 ι-

659 2313 820 2406 bile
872 2309 960 2390 fit
1011 2307 1401 2387 materiam
1478 2308 1619 2383 effe
1689 2305 1955 2405 absque
1990 2302 2220 2381 *omni

663 2412 904 2500 forma
956 2469 975 2487 .
1052 2411 1187 2490 Sed
1267 2410 1602 2510 quaedam
1657 2425 2005 2487 creaturae
2060 2405 2224 2483 sunt

656 2518 744 2602 ⁴in
799 2514 1067 2617 quibus
1121 2537 1273 2591 non
1323 2508 1427 2592 est
1481 2509 1792 2590 materia
1830 2507 2222 2588 contrarie-

661 2619 801 2697 tati
859 2611 1179 2709 subjefla
1224 2667 1254 2710 ‚
1303 2611 1427 2692 vel
1477 2614 1652 2714 quia
1702 2611 2018 2690 omnino
2068 2633 2221 2687 non

653 2721 939 2800 habent
1010 2716 1402 2794 materiam
1450 2767 1478 2807 ‚
1564 2713 1744 2792 licut
1813 2710 2223 2791 substantiae

660 2816 1244 2910 ἰητειὶεᾶιιεΙεε,
1295 2834 1378 2894 ut
1433 2810 1853 2914 infra(cap.
1875 2813 1920 2890 1.
1946 2808 2224 2908 >osten-

664 2922 879 3001 detur
923 2973 951 3018 ‚
1006 2917 1125 2995 vel
1178 2941 1332 2994 non
1388 2914 1659 2994 habent
1706 2910 2161 2995 contrarium
2203 2965 2231 3008 ‚

660 3021 853 3101 ficut
901 3044 1032 3099 cor
1084 3042 1213 3098 ora
1262 3015 1570 3098 caelestia
1619 3071 1648 3112 ‚
1718 3018 1919 3119 quod
1970 3038 2232 3094 eorum

638 3140 918 3207 motus
976 3149 1026 3200 o
1083 3118 1292 3200 endit
1314 3174 1341 3216 ‚
1389 3121 1521 3237 qui
1568 3119 2024 3202 ,contrarium
2075 3142 2231 3198 non

665 3224 930 3309 habet.
988 3221 1362 3323 Quasdam
1416 3222 1647 3323 igitur
1697 3239 2059 3302 creaturas
2087 3218 2230 3303 im-

669 3323 1007 3430 possibile
1060 3322 1159 3402 est
1208 3349 1363 3403 non
1411 3326 1555 3402 effe
1597 3351 1632 3402 .·
1701 3347 1883 3424 ergo
1931 3347 2056 3401 eas
2105 3345 2229 3400 ne·

676 3427 868 3510 cesse
921 3423 1023 3504 est
1076 3424 1359 3525 semper
1408 3426 1550 3505 effe
1581 3481 1602 3502 .

782 3557 850 3607 2.
905 3531 1101 3609 Item
1134 3582 1154 3603 .
1239 3528 1726 3627 Unaquaeque
1776 3548 1889 3605 res
1939 3536 2233 3605 tantum

672 3631 890 3718 durat
943 3630 1024 3711 in
1075 3629 1216 3708 effe
1240 3681 1280 3725 ,‚
1331 3646 1606 3730 quanta
1674 3625 1776 3707 est
1827 3626 1951 3708 sua
1998 3626 2234 3705 virtus

678 3731 948 3813 essendi
1002 3783 1029 3826 ‚
1077 3729 1213 3809 nifi
1268 3753 1398 3831 per
1446 3731 1828 3825 accidens,
1902 3727 2080 3809 ficut
2149 3725 2232 3803 in

675 3828 794 3921 his
843 3859 1005 3936 quae
1058 3831 1426 3913 violenter
1447 3847 2015 3931 corrumpuntur
2038 3887 2055 3906 .
2091 3829 2232 3909 Sed

675 3937 1013 4035 quoedam
1084 3952 1425 4015 creaturae
1497 3934 1664 4015 sunt
1731 3932 1997 4034 quibus
2052 3930 2232 4010 inest

683 4038 919 4118 virtus
985 4037 1254 4117 essendi
1309 4063 1461 4115 non
1513 4037 1605 4115 ad
1654 4035 1954 4136 aliquod
2002 4036 2234 4113 deter-

680 4138 1055 4227 minatum
1104 4152 1444 4237 tempu8‚
1488 4128 1613 4217 sed
1664 4139 1757 4217 ad
1810 4136 2093 4253 semper
2134 4134 2234 4213 es·

684 4239 990 4320 sendum
1044 4291 1072 4335 ,
1124 4236 1305 4320 ficut
1354 4262 1657 4340 corpora
1731 4237 2039 4320 caelestia,
2068 4290 2096 4333 ‚
2161 4236 2239 4315 δι

685 4337 1219 4420 ὶηῑεῌεᾶιιαὶες
1273 4337 1678 4421 substantia
1723 4368 1744 4416 t
1801 4338 2239 4458 incorrupti·

690 4440 877 4520 bilia
927 4438 1133 4545 enim
1211 4440 1377 4521 sunt
1425 4444 1460 4539 ’,
1545 4467 1721 4522 cum
1791 4457 2244 4523 contrarium

687 4565 846 4622 non
884 4541 1239 4622 habeant.
1294 4543 1770 4644 Relinquitur
1788 4544 2016 4644 igitur
2046 4544 2245 4646 quod

687 4643 798 4727 eis
848 4647 1213 4743 competit
1265 4644 1547 4746 semper
1597 4646 1741 4725 effe
1773 4699 1793 4723 .
1850 4647 2078 4748 Quod
2119 4671 2241 4726 au-

690 4762 853 4833 tem
920 4746 1187 4846 incipit
1260 4748 1400 4826 effe
1433 4801 1459 4843 ‚
1529 4773 1682 4828 non
1748 4747 2034 4848 semper
2086 4746 2185 4827 est
2218 4805 2239 4827 .

693 4847 834 4929 Eis
903 4872 1084 4949 ergo
1151 4873 1306 4932 non
1380 4848 1741 4954 competit
1809 4865 1895 4933 ut
1942 4848 2081 4935 effe
2131 4850 2243 4936 in·

696 4966 1017 5056 elplanto
1072 4987 1079 4995 ’
1298 5032 1305 5037 ,
1516 5030 1519 5033 ,
1582 5028 1589 5033 .

3738 360 3896 436 ¹⁶3·

2398 500 2471 552 2.
2525 470 2795 554 Adhuc
2812 527 2832 550 .
2888 468 3536 571 Quandocumque
3575 462 3865 571 aliquid

2302 575 2397 655 de
2448 600 2649 657 novo
2684 568 2833 655 incl
2887 574 2950 654 it
2975 573 3318 670 moveri,
3357 567 3878 674 oporoetquod

2306 701 2621 759 movens
2648 729 2675 774 ‚
2725 701 2821 756 ve
2900 694 3196 758 momm
3219 729 3246 771 ‚
3293 674 3420 754 vel
3460 677 3878 774 utrumque

2304 779 2523 861 aliter
2574 779 2646 857 se
2698 780 2967 860 habeat
3016 801 3213 859 nunc
3232 775 3537 878 quando
3587 773 3877 855 estune-

2305 899 2427 962 tus
2490 937 2520 980 ‚
2588 906 2818 984 quam
2887 881 3089 983 prius
3159 881 3460 981 quando
3510 904 3665 959 non
3715 886 3876 960 erat

2306 1000 2592 1068 monis:
2649 981 2751 1078 est
2802 983 3009 1062 enim
3062 982 3417 1076 habitudo
3438 1036 3468 1081 ,
3515 983 3640 1061 vel
3691 977 3880 1062 reh-

2308 1084 2422 1166 tio
2487 1086 2824 1188 quaedam
2893 1084 3272 1167 moventis
3340 1085 3436 1164 ad
3499 1102 3793 1167 motum
3842 1135 3880 1182 ‚

2311 1188 2709 1268 secundum
2781 1189 2980 1288 quod
3050 1185 3153 1268 est
3237 1209 3554 1266 movens
3626 1187 3794 1267 aStu
3846 1243 3871 1263 .
3963 1232 3978 1245 ·

2311 1289 2618 1372 Relatio
2667 1307 2918 1370 autem
2971 1315 3171 1368 nova
3245 1314 3402 1368 non
3474 1288 3740 1390 incipit
3789 1288 3874 1366 si-

2308 1416 2401 1472 ne
2453 1391 2866 1472 mutatione
2916 1390 3348 1493 utriusque,
3398 1391 3523 1470 vel
3569 1391 3872 1471 alteriue

2310 1494 2568 1576 saltem
2619 1510 3120 1576 extremorum
3141 1548 3162 1572 .
3218 1493 3448 1596 Quod
3497 1510 3750 1575 autem
3800 1493 3877 1572 se

2309 1597 2524 1677 aliter
2577 1596 2800 1677 habet
2851 1621 3050 1676 nunc
3098 1621 3328 1698 quam
3379 1595 3582 1696 prius
3606 1648 3634 1694 ‚
3714 1615 3877 1676 mo·

2314 1717 2528 1778 vetur
2549 1755 2568 1774 .
2629 1703 2833 1798 Ergo
2864 1715 3158 1798 oportet
3205 1714 3380 1778 ante
3419 1715 3713 1778 motum
3742 1698 3877 1797 qui

2315 1803 2408 1880 de
2458 1825 2662 1879 novo
2714 1800 3028 1900 incipit,
3078 1799 3310 1879 alium
3352 1816 3650 1878 motum
3703 1824 3881 1899 prae-

2316 1903 2571 1980 cedere
2625 1900 2706 1979 in
2762 1899 3031 1980 mobili
3085 1955 3115 1998 ‚
3183 1901 3304 1978 vel
3358 1902 3440 1978 in
3506 1916 3879 1981 movente.

2321 2006 2643 2103 Oportet
2696 2002 2925 2103 igitur
2976 2003 3179 2105 quod
3228 2001 3544 2103 quilibet
3626 2018 3876 2083 motus

2319 2104 2441 2182 vel
2514 2103 2602 2183 sit
2680 2121 2990 2184 aeternus
3039 2159 3069 2202 ‚
3138 2103 3261 2184 vel
3333 2105 3597 2185 habeat
3644 2101 3881 2182 alium

2324 2223 2618 2285 motum
2669 2221 2842 2285 ante
2897 2207 2969 2285 se
3005 2262 3040 2284 .-
3082 2208 3348 2286 Motus
3418 2205 3649 2308 igitur
3698 2205 3881 2283 sem·

2326 2330 2455 2408 per
2507 2305 2689 2385 fuit:
2744 2331 2926 2408 ergo
2973 2307 3432 2403 &mobilia‚
3482 2305 3671 2387 &fic
3689 2330 3886 2386 crea·

2328 2427 2506 2490 turae
2563 2408 2848 2509 semper
2871 2408 3207 2490 fuerunt:
3267 2414 3468 2489 Deus
3499 2409 3706 2488 enim
3726 2433 3886 2488 om·

2327 2511 2512 2589 nino
2563 2509 2976 2592 immobilis
3026 2512 3173 2608 est,
3224 2531 3307 2594 ut
3360 2511 3439 2592 in
3494 2515 3551 2591 1.

2329 2638 2484 2713 cap.
2536 2638 2760 2691 x111.
2821 2613 2850 2709 )
2900 2611 3267 2692 ostensum
3321 2612 3467 2691 est.

2431 2740 2504 2809 4.
2555 2716 2910 2792 Praeterea
2949 2769 2968 2789 .
3045 2716 3301 2793 Omne
3391 2736 3616 2813 agens
3685 2714 3890 2815 quod

2333 2829 2636 2912 generat
2689 2812 2815 2893 fibi
2874 2811 3111 2893 simile
3154 2869 3182 2912 ‚
3234 2814 3554 2897 intendit
3601 2815 3891 2896 conser-

2331 2939 2507 2993 vare
2559 2915 2696 2993 ess'e
2749 2935 3184 3015 perpetuum
3233 2918 3310 2998 in
3348 2918 3582 3020 specie
3609 2973 3636 3015 ‚
3685 2919 3889 3020 quod

2330 3043 2484 3096 non
2537 3017 2765 3118 potest
2818 3017 3229 3101 conservari
3298 3021 3379 3100 in
3431 3020 3817 3103 individuo
3865 3079 3890 3104 .

2336 3120 2785 3222 Impossibile
2838 3119 2938 3201 est
2990 3140 3248 3204 autem
3295 3141 3566 3204 naturae
3608 3124 3891 3244 appeti·

2332 3240 2495 3302 tum
2569 3249 2849 3303 vanum
2921 3225 3066 3305 esse
3115 3282 3136 3304 .
3244 3226 3565 3329 Oportet
3655 3227 3890 3326 igitur

2327 3325 2529 3423 quod
2582 3347 2823 3404 rerum
2849 3326 3395 3427 generabilium
3449 3325 3720 3428 species
3747 3324 3889 3409 sint

2333 3440 2698 3525 perpetuae
2750 3480 2773 3501 .

2446 3551 2511 3622 ς.
2566 3525 2834 3604 Adhuc
2868 3580 2889 3602 .
2971 3525 3051 3609 Si
3122 3542 3415 3627 tempus
3638 3550 3895 3631 perpe-

2335 3641 2547 3707 tuum
2568 3682 2592 3720 ‚
2628 3640 2919 3728 oportet
2949 3645 3239 3709 motum
3259 3630 3400 3709 effe
3729 3655 3894 3729 um,

2334 3754 2510 3808 cum
2563 3729 2649 3811 fit
2700 3754 3045 3811 numerus
3075 3748 3364 3828 mom,
3538 3755 3670 3834 per
3716 3752 3893 3813 con-

2338 3830 2644 3931 sequens
2696 3831 3008 3913 mobilia
3055 3836 3198 3915 ess'e
3343 3850 3596 3937 rpetua
3636 3888 3665 3933 ‚
3714 3858 3894 3916 cum

2336 3950 2588 4013 motus
2641 3932 2726 4015 fit
2775 3932 2980 4016 aelus
3033 3936 3238 4017 mobi
3271 3938 3376 4018 is.
3429 3939 3572 4020 Sed
3598 3954 3894 4038 tempus

2339 4052 2634 4137 oportet
2683 4039 2822 4116 effe
2874 4056 3310 4140 perpetuum
3363 4066 3383 4118 :
3473 4054 3627 4119 non
3678 4037 3888 4118 enim

2335 4136 2566 4238 potest
2618 4138 2857 4219 intelli
2917 4140 2944 4218 i
2996 4142 3136 4221 effe
3190 4156 3478 4243 tempus
3549 4139 3734 4260 quin
3804 4136 3897 4220 fit

2339 4263 2536 4319 nunc
2558 4293 2588 4336 ‚
2635 4244 2818 4321 ficut
2898 4242 3067 4321 inea
3101 4268 3253 4322 non
3290 4240 3520 4344 potest
3572 4239 3902 4342 intelligi

2340 4338 2493 4419 fine
2538 4338 2860 4443 punffio:
2913 4368 3112 4425 nunc
3162 4360 3412 4425 autem
3465 4344 3749 4446 semper
3797 4340 3905 4424 est

2346 4440 2525 4524 finis
2576 4444 2970 4545 praeteriti,
3017 4446 3096 4526 8<
3146 4445 3600 4566 principium
3635 4443 3899 4543 fluturi,

2347 4545 2501 4627 hoec
2554 4545 2764 4626 enim
2817 4545 2920 4626 est
2969 4547 3326 4630 diffinitio
3377 4548 3596 4652 1pfius
3644 4568 3907 4642 nunc3

2340 4647 2418 4728 8<
2469 4645 2564 4729 fic
2619 4648 3005 4752 quodlibet
3087 4672 3291 4732 nunc
3369 4653 3624 4733 datum
3677 4649 3902 4730 habet

2339 4766 2514 4830 ante
2565 4750 2640 4829 se
2691 4767 2986 4854 tempus
3127 4752 3236 4834 ’us
3282 4752 3362 4834 δε
3410 4750 3802 4856 petierim,
3827 4749 3907 4831 δι

2343 4851 2453 4932 ita
2503 4852 2797 4934 nullum
2845 4871 3019 4958 pote
3127 4856 3271 4936 effe
3319 4857 3702 4957 primum,
3773 4872 3956 4937 nem..

2337 4977 2493 5059 que
2575 4956 2931 5047 ultimum
2996 5015 3021 5042 .
3102 4955 3587 5140 Ῑέζεὶὶηςιιίῐω*
3665 4954 3907 5140 igitar

2647 5134 2648 5137 γ
3217 5106 3224 5112 -
3315 5084 3366 5147 a
3692 5079 3800 5162 qu

3628 2508 3884 2609 (Lib.
4035 2494 4042 2502 ’
