4597 5696
1310 433 1904 501 CONTRA
1985 435 2736 504 GENTILES
2821 435 3073 499 LIB.
3165 437 3232 502 1.

908 541 963 605 C
1046 543 1106 608 A
1188 543 1238 607 P
1324 548 1383 609 U
1471 546 1533 609 T
1701 544 1993 611 LXXXI.

695 708 700 715 .
742 653 923 739 Quod
965 656 1121 716 Deus
1153 674 1258 713 non
1299 650 1365 713 de
1390 653 1687 733 necestitate
1716 655 1847 716 vult
1881 656 2002 718 alia
2029 675 2068 715 a
2097 652 2197 734 fi.

999 736 1054 793 1.
1096 734 1263 797 Pare.
1311 730 1493 815 qua-st.
1537 754 1678 798 xrx.
1721 752 1830 799 art.
1877 756 1938 816 3.

670 852 836 1044 SI
892 871 1139 933 autem
1191 855 1444 934 divina
1485 855 1827 938 voluntas
1905 857 2005 935 est
2059 853 2245 935 divi-

852 978 956 1034 nae
1009 957 1361 1036 bonitatis
1413 1011 1440 1055 ‚
1506 959 1579 1036 8<
1647 959 1884 1041 divini
1954 961 2095 1037 effe
2147 982 2238 1036 ex

669 1057 1082 1136 necestitate
1122 1113 1147 1153 ‚
1197 1061 1428 1159 posset
1478 1058 1699 1140 alicui
1752 1062 1985 1141 videri
2040 1060 2240 1160 quod

667 1157 898 1236 etiam
976 1159 1292 1239 aliorum
1367 1185 1456 1242 ex
1528 1164 1941 1244 neceffitate
2017 1165 2240 1252 effet3

549 1326 555 1332 .
666 1284 840 1337 cum
895 1263 1148 1341 omnia
1226 1263 1371 1342 alia
1422 1263 1607 1343 velit
1656 1265 1980 1345 volendo
2034 1265 2236 1343 suam

666 1359 1079 1443 bonitatem
1132 1419 1158 1461 ‚
1231 1382 1313 1445 ut
1389 1364 1594 1466 supra
1674 1367 1703 1466 (
1752 1394 1909 1470 cap.
1965 1366 2159 1446 lxxv.
2212 1365 2243 1465 )

667 1467 1058 1564 probatum
1111 1463 1210 1545 est
1250 1523 1270 1544 .
1324 1469 1467 1549 Sed
1518 1488 1769 1547 tamen
1820 1468 2018 1551 reste
2068 1485 2242 1547 con-

665 1563 1137 1648 fiderantibus
1174 1586 1471 1669 apparet
1501 1573 1700 1670 quod
1726 1597 1877 1651 non
1930 1572 2034 1651 est
2057 1570 2237 1650 alio-

667 1691 835 1744 rum
891 1696 980 1748 ex
1033 1671 1481 1750 necestitate.
1912 1693 1915 1695 *

784 1796 844 1845 1.
903 1771 1026 1849 Est
1083 1773 1287 1850 enim
1358 1772 1673 1850 aliorum
1741 1790 1824 1852 ut
1875 1772 2240 1853 ordinato-

664 1892 833 1948 rum
888 1875 980 1951 ad
1034 1872 1261 1951 finem
1314 1875 1452 1952 suae
1507 1875 1904 1952 bonitatis.
1960 1875 2241 1954 Volun-

663 1985 778 2072 tas
863 1988 1110 2054 autem
1181 1993 1336 2054 non
1405 2000 1495 2055 ex
1556 1976 1965 2055 necestitate
2019 1974 2279 2074 fertur¹

665 2072 752 2153 in
803 2098 889 2153 ea
959 2102 1117 2177 quae
1174 2077 1341 2154 sunt
1420 2079 1511 2155 ad
1591 2075 1819 2155 finem
1872 2133 1900 2173 ‚
1970 2077 2020 2156 fi
2077 2076 2242 2157 finis

667 2176 820 2256 fine
872 2175 987 2255 his
1041 2178 1177 2253 effe
1232 2177 1500 2276 poffit:
1552 2205 1704 2256 non
1757 2178 1962 2255 enim
2014 2177 2237 2266 habet

661 2279 945 2356 necess'e
1015 2276 1341 2358 medicus
1415 2304 1504 2356 ex
1577 2278 2058 2379 suppolitione
2108 2306 2234 2358 vo-

660 2376 969 2458 luntatis
1021 2404 1246 2479 quam
1301 2379 1520 2459 habet
1572 2380 2031 2473 desanando
2071 2437 2098 2477 ‚
2149 2382 2232 2459 il-

660 2480 736 2558 la
791 2481 1326 2560 medicamenta
1402 2483 1747 2560 adhibere
1802 2481 2103 2562 infirmo
2153 2484 2233 2561 fi-

661 2599 758 2661 ne
830 2582 1097 2683 quibus
1164 2583 1393 2684 potest
1475 2583 1963 2663 nihilominus
2037 2584 2232 2665 infir-

664 2709 880 2763 mum
936 2685 1223 2763 sanare.
1277 2691 1473 2766 Cum
1530 2687 1755 2786 igitur
1807 2687 2060 2764 divina
2111 2689 2235 2765 bo-
2285 2762 2303 2767 -

662 2786 855 2865 nitas
927 2786 1078 2867 fine
1153 2787 1320 2866 aliis
1407 2790 1547 2866 ess'e
1599 2786 1867 2886 possit,
1917 2788 2235 2888 quinim-

666 2910 800 2964 mo
852 2912 987 2966 nec
1042 2913 1170 2986 per
1219 2889 1364 2966 alia
1414 2889 1486 2967 ei
1538 2888 1820 2988 aliquid
1858 2890 2238 2981 accrescan,

672 2985 878 3065 nulla
931 2988 1111 3067 inest
1164 2989 1234 3066 ei
1288 2992 1702 3085 neceffitaS,
1757 3007 1839 3070 ut
1888 2991 2032 3069 alia
2117 3017 2236 3072 ve-

667 3086 1074 3183 lit,exhoc
1126 3094 1320 3191 quod
1357 3093 1516 3172 vult
1567 3094 1765 3172 suam
1808 3094 2235 3174 bonitatem.

673 3225 709 3242 -·
775 3218 844 3267 2.
903 3190 1208 3270 Adhuc.
1262 3198 1456 3272 Cum
1479 3195 2238 3277 bonumintellee‘sum

667 3287 760 3370 fit
843 3293 1222 3393 proprium
1295 3293 1669 3390 objefium
1752 3296 2157 3378 voluntatis
2208 3354 2236 3392 ‚

664 3390 1056 3487 cuiuslibet
1156 3420 1285 3495 per
1364 3395 1820 3475 intellec’tum
1897 3402 2239 3498 concepti

670 3494 904 3601 potest
958 3497 1096 3574 effe
1148 3499 1534 3594 voluntas,
1587 3499 1713 3576 ubi
1770 3497 2082 3581 salvatur
2133 3525 2237 3578 ra-

667 3595 785 3675 tio
836 3598 1015 3676 boni
1069 3622 1087 3676 ε
1169 3600 1359 3677 unde
1413 3601 1752 3702 quamvis
1806 3602 1944 3679 ess'e
2009 3599 2237 3699 cujus-

666 3693 899 3791 libet,
953 3699 1389 3800 inquantum
1443 3702 1905 3800 hujusmodi,
1959 3704 2240 3783 bonum

668 3797 802 3896 fit,
855 3825 1007 3880 non
1061 3805 1203 3882 ess'e
1255 3822 1501 3883 autem
1578 3805 1859 3882 malum
1901 3830 1925 3895 ς
1998 3804 2239 3905 ipsum

671 3914 922 3978 tamen
976 3924 1127 3982 non
1178 3907 1319 3983 esse
1368 3902 1672 3997 alicuius
1742 3903 1971 4006 potest
2037 3911 2244 3988 cade-

671 4023 752 4079 re
805 4002 935 4080 sub
987 4006 1414 4101 voluntate,
1467 4007 1750 4086 ratione
1790 4005 2090 4104 alicujus
2117 4011 2242 4090 bo·

3800 459 3910 505 ῙΦῑ

2340 564 2595 648 praeter
2674 554 2927 630 Deum
2957 606 2976 627 .
3031 550 3198 640 ,Sed
3270 545 3353 627 in
3411 550 3578 627 Deo
3645 547 3742 626 est
3797 575 3925 627 vo·

2342 651 2585 731 luntas
2641 654 3039 733 secundum
3092 667 3332 732 totam
3386 650 3588 731 suam
3625 646 3919 731 facult-³4

2348 767 2502 833 tem
2559 785 2576 830 ε
2634 757 2890 836 omnia
2942 754 3150 833 enim
3203 753 3285 832 in
3337 752 3496 854 ipso
3549 752 3712 830 sunt
3765 754 3924 831 uni-

2348 857 2724 938 versaliter
2776 855 3131 958 perfecta.
3189 854 3427 936 Potest
3461 854 3693 955 igitur
3718 856 3922 938 Deus

2339 960 2535 1039 velle
2597 984 2760 1040 «non
2830 961 2971 1037 effe
3043 982 3587 1059 quamcumque
3635 979 3794 1033 rem
3847 982 3925 1036 a·

2339 1061 2525 1140 liam
2579 1081 2834 1163 praeter
2891 1060 2997 1140 se:
3050 1086 3206 1139 non
3258 1062 3285 1139 i
3344 1060 3487 1140 itur
3537 1060 3627 1140 de
3676 1057 3919 1140 neces-

2342 1164 2543 1244 fitate
2597 1162 2760 1243 vult
2809 1163 2951 1240 effe
3004 1162 3149 1242 alia
3201 1188 3246 1240 a
3305 1189 3347 1241 e
3384 1220 3402 1240 .
3900 1212 3907 1219 ·

2448 1294 2515 1369 3.
2571 1264 2960 1366 Amplius,
3032 1270 3234 1343 Deus
3313 1263 3636 1344 volendo'
3710 1262 3918 1342 boni-

2346 1383 2575 1449 tatem
2630 1368 2832 1445 suam
2881 1422 2909 1463 ‚
2960 1365 3125 1445 vult
3178 1367 3405 1445 etiam
3470 1368 3614 1445 alia
3666 1392 3710 1444 a
3763 1365 3838 1443 se
3888 1419 3920 1464 ,

2342 1491 2565 1573 prout
2591 1470 3002 1550 bonitatem
3055 1466 3206 1566 ejus
3241 1469 3698 1569 participant.
3719 1472 3920 1550 Cum

2340 1592 2590 1654 autem
2642 1570 2896 1650 divina
2952 1570 3243 1650 bonitas
3297 1570 3381 1650 fit
3436 1570 3726 1652 infinita
3759 1625 3786 1665 ‚
3837 1581 3918 1649 et

2338 1676 2653 1754 infinitis
2705 1673 2944 1752 modis
2998 1668 3524 1773 participabilis
3587 1725 3615 1767 ‚
3684 1671 3919 1749 etiam

2343 1778 2508 1855 aliis
2576 1776 2820 1853 modis
2893 1798 3117 1873 quam
3193 1777 3286 1851 ab
3370 1774 3485 1853 his
3564 1770 3917 1850 creaturis

2347 1903 2509 1978 quae
2562 1902 2760 1956 nunc
2815 1875 3551 1975 sunt,participetur:,
3585 1873 3745 1951 s1ex
3773 1872 3918 1958 hoc

2346 1980 2545 2081 quod
2601 1981 2762 2057 vult
2814 1978 3221 2055 bonitatem
3279 1977 3475 2055 suam
3499 2032 3525 2070 ‚
3564 1973 3792 2054 vellet
3823 1974 3918 2055 de

2347 2079 2760 2159 necestitate
2811 2103 2896 2155 ea
2946 2104 3105 2178 quae
3162 2078 3393 2179 ipsam
3444 2077 3915 2178 participant,

2340 2182 2759 2280 sequeretur
2825 2181 3023 2279 quod
3089 2179 3312 2258 vellet
3378 2184 3515 2258 esse
3586 2178 3916 2256 infinitas

2337 2302 2697 2362 creaturas
2728 2335 2755 2373 ‚
2807 2279 3117 2360 infinitis
3169 2282 3407 2359 modis
3468 2280 3914 2380 participan-

2338 2400 2447 2464 tes
2503 2384 2707 2462 suam
2759 2382 3171 2462 bonitatem
3227 2412 3251 2474 ς
3301 2385 3498 2483 quod
3552 2397 3751 2482 patet
3805 2378 3911 2458 es-

2337 2487 2410 2565 se
2464 2485 2765 2565 falsum:
2820 2486 2993 2585 quia
3048 2485 3091 2562 fi
3131 2486 3409 2577 vellet,
3441 2487 3911 2579 esl'ent‚cum

2340 2590 2462 2668 sua
2542 2588 2879 2666 voluntas
2951 2587 3037 2662 snt
3121 2586 3570 2687 principium
3640 2582 3915 2664 essendi

2339 2692 2599 2783 rebus.‚
2651 2705 2735 2765 ut
2782 2685 3209 2785 infra(Lib.
3267 2692 3361 2765 11.
3415 2674 3915 2786 cap.xx111.,)

2340 2791 2789 2872 ostendetur.
2846 2790 3030 2869 Non
3083 2789 3311 2891 igitur
3360 2813 3451 2869 ex
3502 2768 3919 2871 neceffitate

2340 2893 2506 2972 vult
2557 2894 2782 2971 etiam
2837 2913 2921 2968 ea
2971 2916 3132 2992 quae
3184 2917 3379 2973 nunc
3434 2892 3598 2971 sunt
3633 2949 3652 2969 .

2444 3020 2516 3094 4.
2574 3000 2763 3075 Item
2811 3051 2831 3070 .
2913 2994 3276 3095 Sapientis
3355 2995 3700 3075 voluntas
3738 3047 3766 3093 ‚
3819 3014 3918 3077 ex

2340 3096 2481 3179 hoc
2533 3096 2729 3200 quod
2782 3093 3022 3200 est1de
3074 3097 3288 3178 causa
3317 3151 3346 3194 .,
3398 3095 3500 3175 est
3570 3099 3663 3177 de
3740 3095 3915 3176 effe·-

2341 3201 2464 3280 &u
2532 3202 2662 3303 qui
2736 3226 2827 3280 ex
2894 3199 3106 3280 causa
3184 3205 3274 3280 de
3342 3201 3758 3281 necestitate
3814 3200 3912 3279 se·

2339 3303 2589 3400 quitur
2640 3331 2657 3380 :
2712 3302 3012 3381 stultum
3063 3304 3269 3381 enim
3321 3306 3491 3382 ess'et
3539 3302 3733 3380 velle
3787 3303 3915 3386 So·

2341 3403 2493 3479 lem
2545 3403 2842 3480 existere
2899 3403 3106 3501 super
3159 3422 3473 3496 terram,
3524 3404 3597 3480 8(
3635 3426 3786 3481 non
3805 3401 3912 3480 es·

2342 3502 2414 3579 se
2467 3504 2615 3581 diei
2668 3503 3081 3581 claritatem
3125 3529 3151 3598 ς
3208 3504 3326 3581 sed
3378 3501 3727 3584 effeffium
3779 3501 3911 3602 qu'i

2342 3630 2496 3683 non
2546 3629 2634 3683 ex
2687 3602 3097 3684 necessitate
3155 3605 3477 3705 sequitur
3527 3628 3618 3687 ex
3667 3604 3914 3704 causa,

2343 3719 2496 3785 non
2551 3706 2651 3786 est
2703 3707 2978 3787 necesse
3029 3706 3355 3809 aliquem
3407 3706 3603 3788 velle
3653 3734 3744 3787 ex
3770 3707 3915 3789 hoc

2340 3812 2536 3910 quod
2610 3809 2775 3890 vult
2854 3809 3147 3892 causam
3189 3867 3210 3889 .
3285 3815 3354 3893 A
3424 3816 3590 3892 Deo
3658 3826 3912 3891 autem

2347 3916 2746 4010 procedunt
2797 3915 2943 3992 alia
2994 3939 3146 3992 non
3198 3937 3288 3995 ex
3319 3914 3779 4009 necestitate,
3832 3924 3917 3990 ut

2345 4013 2536 4092 infra
2589 4018 2616 4114 (
2669 4040 2823 4114 cap.
2875 4041 3092 4096 xx11.
3147 4016 3178 4116 )
3228 4018 3674 4097 ostendetur.
3728 4018 3917 4095 Nou

671 4103 755 4180 ni
807 4103 1130 4199 adjunffl
1158 4163 1185 4201 ‚
1235 4109 1436 4208 quod
1490 4109 1840 4206 salvatur,
1896 4111 2071 4190 licet
2088 4138 2239 4192 non
2346 4114 2572 4214 igitur
2626 4116 2903 4197 necesse
2956 4117 3055 4195 est
3086 4121 3284 4216 quod
3341 4127 3540 4200 Deus
3592 4118 3738 4197 alia
3789 4138 3915 4196 ve-

673 4206 1271 4319 ex·necel1itate:
1331 4207 1430 4287 est
1483 4210 1685 4288 enim
1762 4213 2040 4291 bonum
2111 4214 2262 4310 ali·‚
2341 4214 2432 4297 lit
2483 4243 2575 4296 ex
2627 4218 2765 4300 hoc
2818 4224 3016 4322 quod
3070 4224 3235 4301 vult
3287 4220 3401 4300 se.

671 4305 857 4400 quid
909 4309 1092 4423 elie,
1142 4310 1371 4388 etiam
1425 4311 1572 4390 alio
1622 4331 1774 4390 non
1825 4314 2172 4394 existente
2213 4373 2233 4394 .
2452 4345 2514 4418 ς.
2571 4320 2961 4422 Amplius.
3020 4325 3167 4402 Res
3203 4326 3600 4425 procedunt
3649 4353 3694 4407 a
3749 4327 3922 4404 Deo

669 4401 932 4483 Solum
987 4426 1244 4527 xgttur·
1285 4410 1473 4528 illud·
1542 4413 1824 4494 bonum
1898 4418 2236 4500 voluntas
2338 4419 2519 4503 ficut
2570 4425 2964 4508 artificiata
3030 4425 3124 4500 ab
3179 4427 3462 4508 artifice
3513 4483 3540 4523 ‚
3590 4449 3675 4511 ut
3726 4424 3917 4507 infra

674 4503 1073 4585 secundum
1145 4510 1251 4627 sur
1344 4534 1707 4593 rationem
1774 4536 1947 4635 non·
2015 4521 2246 4620 potest
2348 4524 2377 4623 (
2429 4552 2583 4626 cap.
2612 4554 2828 4608 xxxv.
2885 4531 2911 4626 )
2964 4533 3409 4612 ostendetur.
3464 4533 3605 4614 Sed
3653 4526 3920 4611 artifex

672 4605 871 4723 velle
937 4633 1089 4688 non
1143 4615 1281 4726 elle
1307 4668 1335 4709 ,
1412 4641 1562 4730 quo
1615 4638 1774 4735 non·
1839 4619 2184 4704 exlstente
2216 4680 2243 4720 ‚
2345 4631 2686 4726 quamvis
2737 4632 2923 4712 velit
2979 4634 3047 4712 se
3100 4635 3369 4715 habere
3422 4657 3656 4715 artem
3684 4691 3711 4731 ‚
3764 4652 3919 4711 non

670 4708 964 4787 tolhtur
1016 4713 1338 4792 totaliter
1357 4733 1548 4793 ratio
1602 4719 1824 4798 bom.
1877 4723 2070 4802 Tale
2120 4752 2241 4806 au·
2349 4746 2600 4809 tamen
2631 4729 2643 4745 '
2669 4756 2759 4812 ex
2811 4737 3225 4818 necestitate
3301 4739 3463 4818 vult
3531 4735 3916 4818 artificiata

674 4825 834 4927 tem
887 4812 1177 4892 nullum
1232 4815 1329 4893 est
1375 4833 1631 4918 praeter
1672 4824 1916 4899 Deum
1930 4882 1963 4940 .·
2006 4827 2244 4908 Potest
2344 4834 2778 4932 producere.
2839 4840 3043 4942 Ergo
3093 4867 3230 4922 nee
3289 4847 3489 4922 Deus
3540 4865 3631 4921 ex
3680 4832 3917 4918 neees-

667 4931 906 5010 lgttur
972 4914 1310 4996 voluntas
1383 4922 1774 4999 fecundum
1847 4922 1952 5003 sui
2030 4931 2245 5009 ratio·
2349 4932 2554 5015 fitate
2607 4937 2767 5019 vult
2826 4939 2976 5022 alia
3027 4969 3070 5020 a
3124 4944 3196 5020 se
3247 4944 3428 5021 esse.

668 5036 848 5100 nem
905 5015 1100 5102 velle
1146 5044 1307 5102 non
1327 5022 1469 5108 effe
1518 5046 2059 5130 quamcumque
2084 5055 2244 5116 rem
2310 5157 2321 5164 ἡ
2447 5036 2580 5124 Est
2629 5066 2808 5148 ergo
2826 5044 3450 5145 confiderandum,
3465 5065 3688 5147 quare
3713 5025 3933 5242 Daelus'

3849 5166 3926 5226 ia

3058 5272 3062 5280 ,
3103 5273 3109 5282 ,
3140 5276 3185 5338 s
3240 5279 3243 5282 ,
