4597 5696
1319 416 1909 485 CONTRA
1995 414 2744 487 GENTILES
2826 416 3080 484 L113.
3141 419 3201 482 1.

924 528 981 596 Ε
1066 532 1129 597 Α
1211 530 1261 594 P
1349 535 1407 596 U
1495 531 1555 593 T
1682 528 2023 611 Lxxw„

748 612 930 699 Quod
977 614 1286 698 principale
1318 614 1599 776 εἶξέὲἓιὲω
1643 612 1758 674 Dei
1809 607 1881 688 est
1936 611 2152 676 de‘vinae

669 824 727 897 1.
768 826 935 893 Part.
976 825 1158 908 quaess.
1202 844 1352 890 xix.
1395 845 1505 889 art.
1530 846 1581 888 1.
1627 825 1776 907 σάς.
1808 818 1889 886 Φ
1929 823 2225 908 depotent-

971 905 1155 989 quaefi.
1207 927 1339 970 ιιι.
1383 929 1492 970 art.
1546 926 1636 989 17.
1707 905 1788 968 ad
1835 926 1928 979 14·

838 1043 904 1120 X
963 1040 1100 1118 hoc
1135 1055 1380 1122 autem
1402 1040 1703 1122 ulterius
1722 1052 2017 1142 apparet
2033 1039 2230 1141 quod

884 1142 1284 1256 principale
1336 1144 1600 1222 divinae
1636 1142 2040 1223 voluntatis
2096 1167 2225 1221 vo·

661 1247 884 1328 litum
937 1242 1036 1320 est
1091 1270 1244 1340 ejus
1297 1245 1637 1325 essentia.

767 1374 818 1426 ι.
875 1348 1166 1425 Bonum
1219 1348 1423 1428 enim
1463 1346 1928 1428 intelleaum
1982 1342 2227 1424 estob-

667 1447 941 1545 iefflum
1013 1449 1411 1528 voluntatis
1460 1503 1488 1542 ,
1564 1467 1647 1530 ut
1717 1449 1923 1549 supra
1990 1448 2019 1546 (
2070 1472 2227 1548 cap.

667 1552 914 1632 lxx11.
970 1549 997 1647 )
1048 1551 1331 1633 dieium
1382 1550 1519 1631 est.
1591 1550 1674 1631 Id
1726 1569 1977 1630 autem
2030 1549 2229 1651 quod

666 1680 709 1731 a
781 1658 944 1730 Deo
998 1653 1498 1754 principaliter
1570 1652 2013 1751 intelligitur
2048 1707 2075 1748 ,
2127 1650 2227 1727 est

669 1755 920 1834 divina
945 1755 1286 1847 essentia,
1341 1775 1420 1832 ut
1451 1757 1835 1853 probatum
1892 1752 2227 1849 est(cap.

667 1858 970 1936 xlv111.
1025 1856 1052 1954 )
1133 1856 1415 1935 Divina
1487 1856 1711 1953 igitur
1777 1853 2075 1934 essentia
2128 1851 2228 1928 est

664 1960 740 2038 id
811 1960 903 2035 de
984 1983 1135 2057 quo
1215 1956 1712 2059 principaliter
1783 1954 1881 2034 est
1968 1952 2225 2035 divina

664 2060 1001 2152 voluntas
1027 2119 1046 2135 .

764 2176 858 2237 2.·'
886 2165 1096 2240 Item.
1134 2155 1561 2257 Appetibile
1611 2172 2081 2256 comparatur
2126 2156 2218 2234 ad

655 2262 1062 2360 appetitum
1116 2259 1292 2339 ficut
1344 2282 1650 2337 movens
1705 2261 1793 2336 ad
1847 2271 2137 2336 motum
2188 2308 2217 2350 ,

656 2380 738 2440 ut
793 2362 1002 2461 supra
1064 2361 1090 2459 (
1143 2385 1304 2459 cap.
1352 2360 1552 2437 xlrv.
1606 2356 1634 2455 )
1701 2357 1982 2438 difflum
2035 2354 2136 2437 est
2188 2383 2216 2450 ς

655 2463 728 2542 8(
784 2462 1113 2546 similiter
1184 2462 1255 2540 se
1307 2461 1528 2541 habet
1575 2459 1896 2540 volitum
1945 2461 2035 2539 ad
2085 2485 2216 2537 vo-

646 2563 925 2644 lentem
949 2620 975 2659 ,
1024 2590 1198 2644 cum
1248 2564 1586 2642 voluntas
1653 2562 1742 2642 fit
1800 2564 1891 2641 de
1942 2584 2208 2661 genere

644 2667 1215 2766 appetitivarum
1269 2664 1762 2764 potentiarum
1812 2664 1891 2741 in
1945 2661 2208 2741 nobis.

649 2768 728 2850 Si
784 2769 1009 2867 igitur
1059 2766 1454 2846 voluntatis
1521 2763 1794 2845 divinae
1863 2763 1949 2843 sit
2012 2762 2215 2844 aliud

649 2868 1053 2970 principale
1103 2865 1425 2949 volitum
1461 2892 1683 2967 quam
1714 2867 1858 2945 Dei
1886 2867 2211 2960 essentia,

653 2969 988 3070 sequetur
1037 2973 1232 3071 quod
1284 2969 1560 3068 aliquid
1610 2968 1809 3046 aliud
1863 2967 1947 3048 sit
2015 2967 2212 3068 supe-

656 3072 808 3150 rius
860 3071 1505 3156 divinavoluntate
1558 3072 1758 3171 quod
1809 3070 2038 3169 ipsam
2059 3094 2215 3149 mo·

655 3187 835 3253 vet:
914 3171 1120 3269 cujus
1188 3172 1635 3252 contrarium
1690 3197 1779 3252 ex
1850 3171 2209 3276 praediEiis

651 3273 685 3372 (
736 3299 891 3374 cap.
943 3274 1208 3370 xl1v.)
1256 3289 1491 3373 patet.

763 3402 834 3491 3.
888 3379 1235 3453 Praeterea
1285 3430 1306 3451 .
1392 3371 1800 3472 Principale
1886 3373 2210 3453 volitum

654 3476 1053 3576 unicuique
1103 3474 1389 3554 volenti
1441 3474 1541 3552 est
1592 3475 1802 3554 causa
1849 3475 2150 3553 volendi
2188 3506 2207 3550 ε

653 3602 824 3659 cum
879 3578 1083 3656 enim
1135 3577 1490 3671 dicimus,
1546 3573 1751 3654 Volo
1798 3574 2216 3674 ambulare,

645 3696 737 3760 ut
789 3679 1037 3774 saner,
1087 3677 1375 3758 causam
1430 3701 1561 3758 nos
1603 3677 1897 3755 reddere
1919 3678 2216 3756 arbitra-

654 3804 858 3859 mur:
911 3782 984 3858 &
1038 3779 1085 3856 fi
1142 3796 1543 3882 quaeratur,
1617 3782 1872 3877 Quare
1950 3780 2065 3858 vis
2119 3780 2214 3858 sa-

654 3881 814 3959 nari
837 3935 864 3978 ,
911 3883 1341 3981 procedetur
1390 3881 1470 3959 in
1521 3880 1999 3978 affignatione
2051 3907 2216 3960 cau·

653 3982 892 4060 sarum
944 3983 1315 4083 quousque
1368 3982 1836 4082 perveniatur
1867 3985 1960 4063 ad
1988 3980 2216 4064 finem

652 4084 1053 4180 ultimum,
1105 4086 1234 4184 qui
1288 4083 1386 4162 est
1438 4083 1838 4183 principale
1873 4085 2216 4180 volitum,

654 4186 860 4280 quod
911 4185 1010 4262 est
1061 4185 1269 4266 causa
1325 4185 1622 4264 volendi
1678 4209 1806 4283 per
1855 4185 2218 4285 seipsum.

658 4284 740 4363 Si
822 4285 1048 4383 igitur
1119 4290 1319 4370 Deus
1401 4286 1681 4385 aliquid
1753 4286 1949 4367 aliud
2034 4289 2220 4369 velit

660 4384 1166 4485 principaliter
1214 4414 1438 4488 quam
1491 4388 1560 4466 se
1616 4385 1850 4486 ipsum
1885 4443 1911 4482 ,
1983 4388 2223 4489 seque-

657 4503 861 4565 retur
910 4489 1105 4603 quod
1157 4488 1433 4587 aliquid
1481 4488 1679 4567 aliud
1752 4488 1838 4568 fit
1887 4489 1958 4568 ei
2011 4491 2224 4571 causa

656 4586 996 4669 volendi.
1050 4590 1191 4670 Sed
1245 4589 1450 4669 suum
1501 4590 1693 4672 velle
1746 4590 1846 4671 est
1879 4593 2087 4669 suum
2124 4594 2225 4671 es·

622 4688 775 4782 ,se,
827 4705 910 4768 ut
960 4687 1321 4769 ostensum
1388 4689 1487 4768 est
1557 4691 1584 4787 (
1637 4717 1791 4790 cap.
1843 4693 2142 4771 lxx111.
2197 4696 2225 4794 )

664 4793 879 4894 Ergo
927 4790 1205 4892 aliquid
1256 4790 1452 4871 aliud
1503 4792 1642 4870 erit
1709 4795 1780 4870 ei
1846 4817 2060 4873 causa
2115 4795 2215 4874 es-

657 4891 903 5007 sendi:
955 4895 1162 5008 quod
1210 4890 1312 4975 est
1362 4910 1618 4976 contra
1666 4895 2030 4978 rationem
2080 4899 2223 4998 pri-

639 5007 771 5076 ‘nu
821 5013 1057 5078 enus.

3805 438 3885 499 99

2432 563 2509 634 4
2561 533 2860 615 Adhuc.
2913 528 3346 630 Unicuique
3395 528 3680 609 volenti
3701 530 3898 630 prin-

2328 636 2566 740 cipale
2616 636 2938 717 volitum
2989 631 3092 712 est
3143 631 3307 711 suus
3360 630 3665 710 ultimus
3700 631 3890 710 finis:

2328 766 2503 820 nam
2557 738 2725 820 finis
2774 734 2875 817 est
2927 761 3055 839 per
3106 734 3177 814 se
3228 732 3499 832 {olims
3541 788 3568 831 ,
3641 734 3714 811 8(
3766 755 3897 832 per

2330 867 2555 943 quem
2608 842 2752 924 alia
2803 840 2993 920 fiunt
3042 837 3274 918 volita
3314 893 3333 913 .
3392 835 3724 917 Ultimus
3775 860 3897 913 au·

2329 961 2483 1027 tem
2534 943 2705 1023 finis
2757 942 2856 1022 est
2910 943 3058 1043 ipse
3084 944 3333 1035 Deus,
3384 938 3557 1039 quia
3610 935 3760 1038 ipse
3796 933 3902 1015 est

2331 1048 2704 1126 summum
2772 1048 3054 1124 bonum
3104 1097 3133 1137 ,
3207 1058 3290 1120 ut
3361 1039 3725 1120 ostensum
3794 1034 3901 1116 est

2328 1151 2355 1248 (
2410 1175 2562 1249 cap.
2615 1149 2832 1247 xlr.)
2885 1147 3043 1247 Ipse
3097 1143 3328 1245 igitur
3378 1140 3479 1220 est
3531 1140 3895 1242 principa-

2332 1251 2402 1331 le
2453 1250 2774 1330 volitum
2829 1250 2966 1329 suae
3021 1245 3423 1327 voluntatis
3462 1273 3480 1320 ι

2442 1380 2504 1452 5.
2564 1352 2942 1452 Amplius.
2998 1352 3482 1449 Unaquaeque
3533 1343 3766 1423 virtus
3804 1339 3904 1423 ad

2330 1456 2539 1535 suum
2593 1457 2968 1551 objectum
3018 1449 3424 1552 principale
3494 1446 3897 1559 secundum

2329 1556 2826 1658 aequalitatem
2857 1554 3489 1654 proportionatur:
3545 1570 3719 1628 nam
3749 1569 3898 1624 vir-

2331 1677 2448 1740 tus
2499 1659 2605 1736 rei
2661 1658 3054 1736 secundum
3105 1651 3392 1749 objeaa
3416 1649 3905 1742 mensuratur,

2328 1779 2529 1941 {¹215
2530 1776 2680 1937 ³3?
2700 1751 3781 1953 ,ἒᾶὲἀῗῗῖἕῗὲωὲἒωίἓὲᾱι
3800 1749 3905 1949 ‘¹3

2333 1960 2695 2043 Voluntas
2749 1959 2975 2059 igitur
2997 1957 3307 2036 essentiae
3344 1979 3436 2036 ex
3485 1979 3696 2055 aequo
3728 1975 3894 2053 pro-
3946 2021 3953 2026 .

2425 2063 2779 2141 rtionatur
2830 2060 2955 2138 suo
3007 2056 3394 2158 principali
3444 2053 3781 2152 obicum
3813 2049 3897 2133 δε

2348 2162 2654 2277 imiliter
2704 2158 3160 2252 intellectus,
3211 2157 3564 2274 et.eti?¹¹.¹
3610 2152 3890 2233 sensus.

2320 2262 2618 2343 Divinae
2670 2280 2920 2341 autem
2970 2259 3335 2340 voluntati
3393 2257 3584 2338 nihil
3636 2282 3728 2336 ex
3795 2278 3889 2334 κ-

2316 2388 2473 2465 quo
2522 2363 3112 2464 proportionatur
3162 2358 3298 2439 nist
3351 2358 3504 2454 eius
3565 2357 3889 2440 essentia.

2321 2467 2558 2567 Igitur
2591 2464 2995 2566 principale
3037 2459 3415 2560 objectum
3443 2461 3717 2542 divinat.
3751 2484 3884 2538 vo-

2313 2568 2615 2646 luntatis
2667 2564 2766 2645 est
2818 2565 3072 2645 divina
3124 2565 3456 2649 essentia.
3508 2566 3706 2643 Cum
3758 2584 3883 2637 au-

2312 2684 2471 2748 tem
2521 2667 2776 2746 divina
2827 2664 3126 2745 essentia
3177 2663 3262 2742 sit
3309 2663 3456 2744 Dei
3511 2660 3880 2759 intellige·

2312 2794 2392 2847 re
2426 2822 2453 2867 ‚
2504 2784 2580 2847 et
2630 2767 2884 2848 omnia
2935 2766 3079 2844 alia
3144 2789 3305 2865 quae
3376 2766 3454 2844 in
3530 2762 3687 2864 ipso
3736 2762 3883 2838 esse

2313 2871 2657 2952 dicuntur
2682 2899 2712 2968 ‚·
2765 2866 3233 2950 manifestum
3273 2865 3372 2946 est
3394 2867 3593 2968 quod
3613 2863 3884 2942 eodem

2316 2974 2544 3052 modo
2592 2972 3090 3073 principaliter
3140 2968 3305 3049 vult
3341 2969 3412 3047 se
3432 2965 3670 3046 intelli
3724 2986 3875 3054 ere,

2317 3074 2389 3153 se
2440 3074 2681 3168 velle,
2735 3074 2806 3154 se
2860 3076 2999 3151 effe
3050 3096 3284 3152 unum
3320 3122 3347 3170 ,
3398 3088 3474 3151 et
3524 3068 3652 3173 qui
3702 3062 3883 3170 quid

2312 3175 2515 3256 aliud
2566 3174 2666 3254 est
2720 3174 3134 3271 huiusmodi
3170 3230 3190 3250 .

2555 3294 2612 3358 C
2695 3294 2757 3356 A
2844 3291 2892 3352 P
2978 3293 3037 3354 U
3124 3294 3186 3355 T
3355 3292 3620 3356 LXXV.

2311 3376 2488 3463 Quod
2531 3379 2680 3437 Deus
2734 3371 2966 3434 volendo
2997 3371 3096 3450 fi,
3128 3373 3257 3435 vult
3298 3376 3470 3434 etiam
3514 3374 3637 3434 alia
3688 3391 3729 3432 a
3756 3370 3824 3453 ft
3853 3413 3874 3437 ι

2635 3455 2688 3515 1.
2730 3455 2895 3513 Part·
2938 3450 3121 3532 quast.
3167 3471 3309 3516 xxx.
3353 3472 3463 3515 art.
3512 3474 3570 3518 2.

2540 3579 2666 3653 [nc
2719 3586 2970 3651 autem
3039 3572 3316 3654 ostendi
3387 3572 3615 3677 potest
3681 3571 3882 3675 quod

2318 3783 2411 3863 al·
2586 3681 2787 3757 Deus
2837 3674 3157 3754 volendo
3208 3676 3282 3755 se
3334 3731 3362 3777 ,
3442 3676 3604 3759 vult
3653 3676 3887 3755 etiam

2394 3807 2466 3860 ia
2510 3836 2530 3857 .

2432 3910 2492 3961 1.
2545 3877 2771 3980 Cujus
2839 3878 3046 3959 enim
3121 3878 3222 3959 est
3307 3880 3501 3959 velle
3575 3878 3803 3959 finem
3854 3932 3886 3980 ,

2317 3984 2471 4081 ejus
2525 3983 2624 4062 est
2680 3981 2873 4061 velle
2925 4006 3011 4059 ea
3058 4006 3219 4081 quae
3273 3982 3434 4062 sunt
3484 3985 3575 4061 ad
3621 3980 3887 4082 finem,

2319 4087 2602 4166 ratione
2654 4083 2893 4163 finis.‹
2959 4080 3082 4161 Est
3136 4101 3383 4165 autem
3459 4088 3659 4163 Deus
3711 4083 3882 4161 ulti-

2319 4213 2483 4266 mus
2554 4210 2799 4263 rerum
2868 4183 3038 4262 finis
3085 4239 3112 4279 ,
3191 4201 3273 4264 ut
3346 4209 3436 4263 ex
3520 4183 3884 4284 praediffls

2317 4289 2559 4468 lamp:
2607 4310 2812 4401 praec.
2866 4284 2896 4381 )
2946 4285 3402 4386 aliquatenus
3458 4301 3656 4385 patet
3690 4345 3709 4364 .
3737 4289 3889 4404 ‘Ex

2324 4414 2471 4570 23⁶
2527 4389 3035 4589 arari}
3061 4388 3617 4593 &infregisti
3655 4407 3886 4570 ἓξὲξ

2328 4595 2799 4672 ordinantur.

2435 4721 2500 4771 2.
2558 4697 2802 4773 Item.
2892 4694 3410 4796 Unusquisque
3483 4693 3635 4787 eius
3686 4695 3885 4798 quod

2320 4793 2422 4874 est
2475 4812 2766 4894 propter
2817 4794 3160 4898 seipsum
3212 4795 3486 4897 abipso
3537 4798 3882 4892 volitum,

2326 4916 2403 4976 et
2452 4916 2826 4992 amatum,
2879 4900 3410 5000 perfectionem
3462 4898 3806 4980 desiderat
3857 4923 3877 4973 ε

2323 5026 2484 5105 qua:
2536 5002 2739 5084 enim
2790 5023 3085 5104 propter
3136 4999 3207 5079 se
3251 5022 3625 5098 amamus,
3675 4996 3884 5075 volu-

3717 5119 3890 5180 mus
