4597 5696
713 425 792 497 7⁶
1322 419 1457 482 DE
1516 409 2097 484 vani-sarr.
2158 417 2864 483 cA‘rHoLmAE
2921 416 3235 484 1=1DE1

708 532 1168 627 communis,
1194 545 1318 608 aut
1336 528 1771 631 imaginatio
1792 529 2267 631 apprehendit
2368 544 2493 606 ctu
2546 531 2845 610 divino.
2899 534 3069 613 Nec
3125 546 3372 613 tamen
3425 537 3503 625 in
3553 539 3762 614 rebus
3814 534 3913 612 est
4043 544 4051 554 ‘

719 637 847 713 sub
900 633 1195 732 proprio
1245 629 1534 727 objecto
1584 647 2019 710 contentum
2053 688 2072 706 .
2128 631 2266 709 Sed
2371 627 2669 710 falsitas:
2728 634 2902 732 quia
2955 653 3316 734 quantum
3351 638 3923 737 unumquodque

718 737 833 813 vis
884 732 1120 812 divini
1174 731 1581 811 intellectus
1611 730 1731 807 -est
1786 732 1865 807 in
1917 731 2064 808 fine
2116 731 2271 808 sub·
2376 730 2595 811 habet
2646 735 2734 810 de
2784 736 2923 811 effe
2969 791 2996 831 ‚
3047 754 3339 817 tantum
3391 737 3608 814 habet
3658 740 3745 814 de
3798 760 3917 813 ve·

723 835 1059 913 limitatis
1112 834 1191 911 in
1240 832 1742 931 cognoscendo
1788 891 1807 909 .
1865 836 2068 933 Ergo
2118 856 2270 909 om·
2376 831 2590 909 ritate
2634 889 2653 907 .
2727 834 2959 913 Nulla
3029 836 3254 935 igitur
3327 837 3766 937 inaequalitas
3820 835 3917 912 est

720 937 846 1015 nia
897 934 1417 1036 cognoscibilia
1468 952 1979 1033 comparantur
2031 934 2120 1009 ad
2169 932 2275 1030 ip·
2379 932 2571 1009 inter
2623 933 3078 1013 intellectum
3116 937 3450 1015 divinum
3493 957 3567 1015 et
3591 962 3741 1026 res3
3792 961 3927 1014 nec

721 1037 885 1114 sum
938 1038 1114 1117 ficut
1162 1059 1301 1134 cog

1305 1033 1681 1129 noscibilia
1716 1034 2002 1134 proprie
2053 1032 2124 1108 8(
2150 1055 2276 1132 per
2380 1031 2654 1132 aliqua.
2681 1032 2944 1113 falsitas
2996 1037 3076 1113 in
3112 1037 3489 1117 intellectu
3544 1039 3798 1116 divino
3829 1032 3930 1113 es·

734 1138 871 1231 se,
921 1138 1014 1214 8(
1067 1162 1217 1215 non
1291 1136 1679 1216 secundum
1733 1137 2062 1215 accidens
2116 1191 2134 1209 .
2194 1136 2284 1212 In
2386 1133 2456 1211 se
2507 1133 2736 1234 potest
2764 1191 2782 1211 .

746 1238 1010 1316 talibus
1051 1255 1298 1316 autern
1331 1238 1560 1314 virtus
1575 1236 2080 1333 cognoscitiva
2133 1257 2283 1310 non

748 1356 975 1415 errat.
998 1342 1085 1415 In
1128 1337 1337 1415 nullo
1373 1337 1600 1435 igitur
1639 1330 2292 1437 cognoscibilfpos-

745 1438 951 1518 sibile
1004 1438 1100 1515 est
1153 1438 1488 1516 divinum
1505 1436 1976 1515 *intellectum
2030 1456 2283 1511 errare.

857 1565 919 1636 5.
977 1539 1318 1637 Amplius
1358 1596 1377 1614 .
1461 1537 1714 1615 Virtus
1787 1535 2297 1613 intellectualis

683 1608 686 1613 .
744 1637 849 1716 est
923 1641 1251 1737 quaedam
1318 1636 1669 1738 perfectio
1741 1637 2148 1713 intellectus
2218 1635 2298 1711 in
2346 1640 2351 1645 ’

747 1741 1252 1837 cognoscendo
1295 1796 1314 1814 .
1395 1738 1808 1817 Secundum
1860 1756 2107 1814 autem
2156 1735 2297 1812 vir-

725 1852 985 1917 'tutem
1063 1836 1631 1917 intellectualem
1705 1862 1857 1913 non
1927 1835 2307 1931 contingit

751 1939 1214 2020 intellectum
1267 1937 1523 2017 falsum
1569 1938 1815 2014 ⁴dicere
1848 1991 1875 2030 ‚
1955 1935 2076 2012 sed
2130 1934 2306 2010 sem·

750 2065 883 2140 per
933 2066 1191 2119 verum
1236 2069 1252 2115 :
1324 2036 1618 2116 verum.
1660 2038 1863 2114 enim
1915 2036 2151 2114 dicere
2204 2032 2305 2110 est

743 2145 985 2220 bonus
1038 2158 1240 2219 actus
1269 2139 1695 2218 ‘intellectus
1736 2165 1761 2231 ς
1837 2135 2131 2214 virtutis
2182 2160 2302 2211 au·

750 2257 912 2318 tem
943 2239 1061 2319 ⁴est
1114 2248 1358 2317 actum
1411 2240 1688 2315 bonum
1740 2238 2031 2314 reddere
2069 2241 2094 2310 .'
2164 2237 2303 2312 Sed

745 2341 1050 2425 divinus
1104 2339 1512 2419 intellectus
1564 2335 1951 2436 perfectior
2026 2333 2122 2413 est
2226 2361 2305 2411 er

749 2442 957 2520 suam
1010 2457 1344 2519 naturam
1418 2463 1642 2536 quam
1716 2438 2123 2515 intellectus
2227 2462 2303 2514 u·

748 2566 1012 2623 manus
1028 2566 1157 2640 per
1189 2540 1520 2621 habitum
1556 2539 1896 2631 virtutis,
1946 2537 2046 2616 est
2098 2538 2303 2613 enim

651 2654 654 2659 '
744 2640 838 2721 in
887 2640 1036 2721 fine
1181 2637 1589 2720 rfectionis.
1644 2637 2116 2740 Relinquitur
2163 2636 2303 2737 igi-

747 2758 875 2821 tur
924 2767 1023 2842 qu
1154 2741 1233 2817 in
1269 2740 1649 2818 intellectu
1686 2739 1945 2819 divino
1995 2766 2145 2819 non
2181 2764 2306 2838 po-

745 2841 888 2923 test
940 2843 1079 2921 effe
1131 2840 1391 2921 falsitas
1425 2899 1442 2918 .
1476 2905 1496 2928 ,
1853 2913 1856 2916 ,

856 2947 928 3021 6.
985 2942 1250 3021 Adhuc
1285 2999 1303 3019 .
1376 2941 1698 3022 Scientia
1723 2942 2131 3021 intellectus
2182 2942 2311 3018 hu-

756 3043 965 3123 mani
1017 3069 1061 3121 a
1111 3044 1320 3121 rebus
1370 3043 1914 3141 quodammodo
1963 3043 2309 3121 causatur:

756 3143 953 3223 unde
1037 3143 1325 3226 rovenit
1342 3143 1537 3242 quod
1563 3141 1843 3220 scibilia
1895 3142 2057 3221 sunt
2106 3165 2309 3218 men-

729 3243 920 3338 v:sura
1001 3243 1283 3323 cientiae
1338 3243 1717 3321 humanat:
1772 3266 1862 3321 ex
1912 3242 2053 3320 hoc
2104 3241 2309 3334 enim

759 3368 1026 3424 verum
1065 3342 1165 3423 est
1205 3345 1403 3444 quod
1437 3342 1814 3424 intellectu
1849 3340 2312 3443 dijudicatur,
2364 3404 2371 3411 .

759 3445 938 3548 quia
987 3472 1098 3525 res
1151 3445 1256 3526 ita
1311 3445 1380 3523 se
1417 3445 1681 3542 habet,
1729 3465 1804 3525 et
1848 3471 2000 3523 non
2047 3468 2091 3520 e
2121 3469 2315 3522 con·

759 3549 970 3628 verso
1001 3605 1021 3626 .
1095 3545 1510 3627 Intellectus
1543 3562 1789 3625 autem
1839 3547 2132 3627 divinus
2185 3567 2313 3646 per

760 3650 969 3748 suam
1023 3648 1401 3748 scientiam
1453 3647 1554 3725 est
1603 3648 1811 3727 causa
1850 3671 2130 3723 rerum:
2185 3670 2312 3722 un-

763 3752 856 3826 de
906 3765 1192 3846 oportet
1245 3749 1440 3846 quod
1461 3747 1755 3826 scientia
1806 3744 1958 3842 ejus
2012 3745 2096 3822 fit
2115 3767 2329 3819 men·⁴

764 3833 930 3962 suna
1000 3870 1241 3923 rerum
1276 3901 1309 3940 ‚
1375 3845 1551 3926 sicut
1634 3872 1745 3925 ars
1825 3843 1924 3923 est
1977 3842 2311 3920 mensura

762 3944 1316 4026 artificiatorum
1340 3998 1365 4037 ‚
1400 3970 1713 4044 quorum
1744 3944 2314 4043 unumquodque

766 4050 1139 4126 intantum
1190 4044 1593 4145 perfectum
1645 4048 1745 4125 est
1776 4101 1803 4138 ,
1874 4045 2315 4145 inquantum

765 4147 911 4226 arti
963 4150 1382 4232 concordat.
1437 4147 1648 4226 Talis
1695 4149 1919 4247 igitur
1969 4147 2066 4223 est
2116 4170 2318 4225 com·

766 4248 1053 4426 ffiratio
1106 4246 1511 4329 intellectus
1563 4247 1799 4327 divini
1832 4249 2097 4341 adres,
2147 4272 2321 4346 qua-

811 4347 826 4363 '
919 4345 1020 4424 est
1088 4372 1332 4429 rerum
1408 4350 1501 4427 ad
1565 4349 2022 4427 intellectum
2073 4346 2325 4424 huma·

770 4472 992 4532 num.
1049 4447 1349 4525 Falfit'as
1394 4467 1640 4527 autern
1683 4450 1967 4529 causata
2021 4472 2111 4525 ex
2162 4447 2327 4526 inae·

778 4546 1134 4650 qualitate
1200 4546 1609 4627 intellectus
1677 4549 1981 4634 humani
2055 4564 2129 4625 et
2171 4548 2329 4642 rei,

777 4675 932 4728 non
984 4647 1218 4742 estin
1273 4647 1487 4732 rebus
1528 4701 1555 4740 ‚
1609 4648 1750 4732 sed
1782 4650 1858 4728 ’n
1911 4647 2328 4727 intellectu.

779 4749 866 4829 Si
921 4748 1148 4847 igitur
1211 4772 1367 4825 non
1444 4748 1613 4825 esset
1679 4750 2108 4839 omnimoda
2158 4751 2335 4827 adae·

842 4848 1043 4928 uatio
1093 4846 1503 4926 intellectus
1552 4846 1787 4925 divini
1837 4852 1928 4927 ad
1977 4872 2088 4927 res
2129 4904 2157 4945 ‚
2208 4847 2336 4927 fal-

774 4874 954 5038 sstas
1002 4948 1174 5032 effet
1222 4949 1307 5033 in
1353 4946 1567 5032 rebus
1607 5001 1637 5046 ‚
1699 4969 1854 5035 non
1922 4947 2007 5030 in
2057 4950 2341 5033 intelle·

2490 1263 2559 1323 7.
2607 1238 2845 1314 Item.
2900 1237 3104 1316 Sicut
3166 1262 3436 1319 verum
3497 1238 3602 1317 est
3654 1241 3937 1316 bonum

2399 1332 2852 1432 intellec'tuS,
2904 1337 3021 1416 ita·
3061 1336 3322 1416 salsu'm
3350 1338 3446 1416 est
3501 1340 3781 1416 malum
3839 1338 3940 1437 ip-

2400 1434 2576 1515 fius:
2631 1436 3055 1516 naturaliter
3107 1439 3307 1517 enim
3362 1442 3768 1539 appetimus
3819 1463 3943 1515 ve-

2399 1561 2565 1650 rum
2615 1538 3063 1650 ‘cognoscere
3098 1593 3127 1633 ,
3197 1541 3271 1617 8(
3321 1539 3717 1618 refutamus
3768 1536 3950 1616 falso

2398 1638 2636 1736 decipi
2668 1694 2687 1711 .
2759 1638 3058 1718 Matum
3128 1658 3376 1718 autem
3429 1642 3509 1719 in
3591 1645 3756 1717 Deo
3806 1641 3948 1716 ess'e

2396 1738 2856 1931 2325}oess
2884 1794 2911 1832 ‚
2984 1758 3065 1820 ut
3112 1744 3521 1919 t{Rebar-um
3572 1740 3672 1853 est
3725 1739 3947 1915 (caps.
4054 1828 4066 1850 ὃ

2408 1935 2478 2011 se
2531 1893 2832 2050 fal-liin&
2861 1865 2963 1918 on
3012 1866 3112 1939 po
3293 1861 3517 2005 lgitur
3583 1868 3665 1918 m
3715 1865 3803 1918 eo
3855 1864 3894 1916 e
3928 1884 3955 1902 ο

2430 2094 2435 2099 -
2510 2040 2711 2117 Hinc
2787 2038 2887 2116 est
2938 2043 3132 2138 quod
3184 2042 3447 2123 dicitur
3499 2047 3721 2121 Rom.
3787 2067 3950 2117 111.

2405 2167 2476 2237 4.
2530 2133 2663 2235 Est
2735 2163 2980 2218 autem
3034 2151 3236 2219 Deus
3310 2170 3578 2221 verax.
3637 2140 3975 2220 Numeri¹

2404 2262 2671 2319 xx111.
2736 2264 2848 2336 19.
2921 2250 3089 2316 Non
3171 2238 3275 2338 est
3327 2250 3531 2320 Deus
3582 2238 3782 2338 quast
3835 2241 3947 2317 bo-

2404 2368 2519 2417 mo
2572 2336 2673 2412 ut*
2709 2340 3153 2418 mentiatur.
3210 2344 3267 2418 1.
3324 2344 3519 2418 Ioan.
3560 2368 3617 2417 1.
3659 2365 3718 2435 5.
3751 2348 3951 2417 Deus

2404 2441 2535 2520 lux
2561 2432 2667 2537 est
2684 2488 2711 2531 ‚
2761 2440 2857 2517 (Ψ
2882 2443 3187 2519 tenebrae
3211 2439 3290 2517 in
3313 2468 3389 2519 eo
3410 2440 3746 2536 nonsunt
3766 2439 3954 2519 ullae.

2671 2590 2725 2693 C
2810 2591 2871 2652 A
2958 2589 3006 2651 P
3093 2591 3151 2652 U
3238 2590 3301 2652 T
3452 2592 3669 2654 LXII.

2489 2712 2665 2795 Quod
2704 2710 2912 2773 divina
2955 2709 3279 2802 veritas-es!
3312 2712 3501 2791 prima
3545 2708 3622 2773 <9⁹
3654 2710 3883 2789 flamna

3055 2809 3277 2852 vernas
3309 2837 3329 2858 0

2710 2914 2762 2972 1.
2810 2914 2969 2973 Part.
3015 2909 3195 2992 φωρ.
3242 2932 3382 2976 xvt,
3427 2930 3535 2972 art.
3574 2931 3638 2989 ς.

2411 3041 2643 3226 EX
2699 3039 2812 3118 his
2865 3059 3111 3120 autem
3185 3066 3343 3141 quae
3394 3040 3668 3121 ostensa
3723 3042 3884 3121 sunt
3935 3098 3964 3142 ,

2624 3141 2996 3219 manifeste
3049 3142 3352 3226 habetur
3426 3146 3622 3242 quod
3689 3145 3955 3222 veritas

2410 3242 2662 3320 divina
2715 3241 2799 3320 fit
2851 3243 3088 3342 prima
3137 3244 3211 3321 8(
3264 3244 3546 3323 summa
3591 3245 3894 3323 veritas.

2524 3371 2583 3428 1.
2638 3342 2838 3422 Sicut
2868 3343 3093 3460 ⁴enim
3146 3343 3248 3421 'est
3302 3342 3669 3444 dispositio
3718 3368 3961 3422 rerum

2416 3444 2496 3523 in
2548 3446 2731 3537 esse,
2782 3445 2885 3521 ita
2934 3444 3007 3521 8(
3060 3445 3139 3523 in
3189 3445 3570 3539 veritate&
3638 3465 3719 3522 ut
3771 3460 3970 3542 patet

2414 3570 2541 3646 per
2594 3539 3110 3644 Philosophum
3143 3546 3222 3656 in
3257 3548 3346 3622 11.
3373 3545 3705 3656 Metaph.
3740 3544 3962 3637 (text.

2413 3644 3166 3821 {ndnsnsssiriititi‘ecicn
3202 3643 3966 3854 {iggsettiiiiintxiiirimesi

2416 3843 2620 3921 enim
2670 3867 2930 3921 verum
2962 3893 2990 3933 ,
3039 3864 3210 3918 cum
3260 3840 3525 3920 d1c1tur
3576 3843 3715 3918 esse
3764 3841 3966 3940 quod

2415 3942 2514 4022 est
2552 3997 2580 4037 ‚
2648 3944 2722 4021 8(
2789 3968 2940 4020 non
2992 3943 3128 4017 effe
3180 3941 3378 4038 quod
3427 3966 3580 4019 non
3630 3940 3767 4018 est.
3822 3943 3963 4021 Sed

2414 4043 2752 4125 divinum
2803 4043 2941 4120 effe
2992 4040 3090 4119 est
3120 4039 3443 4140 primum
3494 4042 3568 4118 8(
3606 4039 3967 4140 perfectis-

2419 4146 2680 4225 fimum
2716 4200 2736 4220 .
2812 4143 3135 4242 Ergo-8<
3189 4142 3626 4221 sua-veritas
3675 4140 3969 4246 estpri-

2422 4271 2546 4324 ma
2595 4246 2669 4323 8(
2721 4245 3040 4328 summa.
3704 4305 3711 4312 .

2530 4373 2596 4422 2.
2654 4349 2843 4423 Item
2871 4401 2888 4420 .
2944 4343 3170 4441 Quod
3220 4366 3345 4441 per
3394 4343 3768 4424 effentiam
3839 4341 3972 4421 ali-

2425 4446 2551 4526 cui
2601 4445 2991 4537 convenit,
3043 4436 3549 4543 perfefflslime
3601 4445 3672 4521 ei
3710 4455 3976 4522 conve·

2429 4549 2577 4625 nit.
2631 4547 2770 4627 Sed
2819 4546 3083 4623 veritas
3107 4539 3271 4622 Deo
3318 4543 3735 4623 attribuitur
3755 4546 3977 4624 essen-

2433 4648 2702 4726 tialiter
2736 4702 2763 4741 ‚
2813 4663 2896 4724 ut
2945 4643 3306 4723 ostensum
3358 4642 3456 4720 est
3511 4644 3537 4741 (
3590 4670 3743 4744 cap.
3796 4647 3892 4724 lx.
3946 4643 3979 4741 )

2436 4754 2579 4829 Sua
2608 4746 2853 4862 igitur
2899 4745 3165 4826 veritas
3214 4742 3315 4825 est
3364 4743 3605 4844 prima
3669 4746 3744 4824 8(
3773 4746 3985 4824 ‘sum-

2439 4874 2565 4926 ma
2616 4865 2917 4926 veritas.

2547 4976 2614 5052 3.
2661 4952 3010 5042 Praeterea
3037 5002 3058 5029 .
3113 4943 3404 5031 veritas
3453 4941 3537 5027 in
3566 4941 3829 5029 nostro
3853 5015 3856 5018 .
3876 4942 3985 5120 inl·

3860 5057 3933 5124 te
3966 5087 3998 5112 -
