4597 5696
742 365 890 442 ²⁶4.

1388 367 1526 434 DE
1578 370 2171 440 VERITATE
2230 371 2950 442 CATHOLICAE
3009 377 3316 445 me

735 477 939 577 quod
978 476 1305 559 *mobilia
1354 534 1383 577 ‚
1454 507 1617 583 quae
1683 483 1846 562 sunt
1895 481 2302 566 substant-iz
2406 505 2514 568 tet
2566 496 2813 588 praeter'
2866 490 3116 568 Deum
3166 487 3305 565 esse
3358 477 3709 567 aeter'nufn
3735 544 3754 564 .
3787 427 3956 567 ‘Hae

706 593 1006 658 -creatae
1056 633 1084 677 ‚
1137 580 1277 662 ssnt
1327 585 1421 662 ab
1475 602 1789 664 aeterno.

846 685 915 766 6.
975 684 1206 761 Item.
1264 687 1518 765 Omne
1571 704 1861 788 oportet
1932 687 2049 768 vel
2102 688 2294 767 affir-

735 806 989 880 mare,
1046 785 1167 863 vel
1221 812 1526 887 negare.
1599 790 1676 869 Si
1749 791 1977 891 igitur
2027 793 2117 868 ad
2171 816 2291 868 ne-

734 884 1119 983 gationem
1174 889 1481 987 alicujus
1534 890 1854 992 sequitur
1905 890 2061 989 ejus
2113 892 2291 992 posi·

739 986 895 1083 tio,
947 1008 1239 1089 oportet
1290 990 1474 1070 illud
1525 996 1663 1071 effe
1685 993 2004 1093 semper.
2057 999 2290 1072 Tem-

733 1115 873 1191 pus
948 1110 1196 1170 autem
1267 1093 1365 1174 est
1436 1092 1847 1192 hujusmodi
1901 1124 1920 1174 ε
1990 1121 2165 1174 nam
2234 1093 2289 1174 fi

735 1208 1029 1294 tempus
1077 1220 1231 1273 non
1282 1197 1566 1296 semper
1617 1195 1803 1294 fuit,
1856 1195 1958 1276 est
2010 1198 2289 1299 accipe·

740 1316 822 1369 re
874 1294 1073 1394 prius
1125 1322 1277 1375 non
1332 1299 1469 1376 effe
1521 1297 1738 1397 ipsius
1806 1325 2031 1400 quam
2083 1303 2224 1378 ess'e
2266 1327 2283 1378 :

736 1394 816 1472 8<
865 1394 1202 1482 {imiliter
1254 1398 1303 1476 fi
1355 1425 1510 1478 non
1581 1400 1865 1499 semper
1941 1402 2026 1481 fit
2100 1400 2290 1481 futu-

737 1505 907 1575 rum
943 1552 972 1593 ,
1021 1514 1312 1600 oportet
1363 1501 1563 1601 quod
1613 1527 1767 1581 non
1819 1503 1955 1580 esse
2008 1501 2160 1599 ejus
2203 1503 2291 1581 fit

736 1597 1089 1696 posterius
1140 1604 1232 1680 ad
1281 1606 1427 1681 esse.
1472 1601 1624 1700 ejus
1676 1657 1696 1676 .
1753 1605 1960 1684 Prius
2009 1624 2287 1700 autem,

726 1698 812 1777 8<
862 1699 1212 1801 posterius
1260 1731 1407 1784 non
1440 1704 1667 1804 potest
1721 1707 1857 1783 effe
1895 1707 2287 1787 secundum

731 1802 1263 1901 durationem,
1355 1807 1483 1884 nifi
1542 1822 1828 1906 tempus
1883 1807 1969 1886 fit
2028 1835 2045 1884 :
2112 1834 2289 1886 nam

732 1926 1082 1987 numerus
1135 1908 1396 2005 prioris
1446 1963 1471 2002 ‚
1524 1909 1598 1985 8<
1650 1908 2062 2007 posterioris
2105 1927 2296 1988 tem-

728 2027 870 2107 pus
920 2005 1063 2098 estz
1114 2008 1309 2087 &fic
1332 2011 1707 2108 oportebit
1742 2029 2034 2112 tempus
2086 2009 2289 2090 fuisse

730 2124 1127 2207 antequam
1181 2110 1541 2208 inciperet
1569 2167 1595 2205 ,
1646 2113 1721 2189 8<
1772 2111 2097 2190 futurum
2150 2115 2289 2190 effe

729 2207 1116 2305 postquam
1217 2211 1490 2289 desinat
1540 2267 1558 2287 .
1647 2215 1966 2310 Oportet
2051 2213 2280 2311 igitur

732 2320 1025 2406 tempus
1065 2311 1202 2387 ess'e
1220 2330 1608 2390 aeternum.
1665 2318 2002 2410 Tempus
2033 2333 2283 2391 autem

729 2406 834 2485 est
883 2410 1217 2491 accidens
1269 2466 1298 2505 ‚
1369 2414 1567 2511 quod
1621 2410 1765 2488 fine
1818 2411 2137 2510 subjee’co
2188 2413 2285 2491 es-

734 2509 808 2589 se
860 2535 1013 2589 non
1065 2513 1331 2612 potest:
1393 2511 1793 2610 subieeium
1846 2533 2096 2593 autem
2127 2512 2281 2612 ejus

723 2635 881 2690 non
935 2612 1035 2691 est
1092 2620 1290 2695 Deus
1320 2675 1345 2715 ,
1397 2617 1524 2716 qui
1579 2614 1677 2695 est
1705 2615 1909 2714 supra
1962 2635 2280 2716 tempus,

725 2735 901 2792 cum
956 2714 1041 2800 fit
1086 2718 1403 2797 omnino
1456 2717 1865 2799 immobilis
1892 2771 1919 2814 ‚
1971 2734 2054 2798 ut
2105 2718 2185 2796 in
2223 2722 2277 2798 1.

721 2815 756 2915 (
812 2816 973 2896 Lib.
1027 2844 1181 2921 cap.
1233 2846 1350 2901 xv.
1405 2821 1432 2918 )
1486 2823 1873 2921 probatum
1929 2819 2029 2899 est
2058 2877 2078 2898 .
2134 2825 2277 2900 Re-

724 2917 1094 3016 linquitur
1144 2923 1373 3021 igitur
1423 2924 1753 3022 aliquam
1800 2921 2279 3002 substantiam

722 3033 1048 3097 creatam
1098 3023 1233 3100 esse
1287 3040 1630 3102 aeternam
1682 3080 1703 3100 .
1861 3066 1867 3073 ·

828 3145 899 3218 7.
957 3122 1304 3222 Amplius
1339 3180 1358 3199 .
1432 3125 1702 3203 Multae
1752 3124 2273 3225 propontiones

725 3216 823 3299 fic
909 3222 981 3299 se
1038 3221 1345 3311 „habent-
1404 3226 1602 3324 quod
1667 3226 1801 3326 qui
1852 3252 1970 3305 eas
2010 3246 2274 3327 negat,

724 3340 1020 3421 oportet
1066 3328 1264 3425 quod
1333 3351 1453 3404 eas
1504 3347 1731 3426 ponat
1775 3382 1802 3421 ‚
1883 3328 2062 3407 ficut
2139 3330 2271 3430 qui

721 3441 951 3526 negat
996 3427 1386 3507 veritatem
1422 3430 1558 3506 effe
1575 3482 1600 3523 ‚
1652 3428 1864 3528 ponit
1884 3429 2273 3510 veritatem

723 3528 870 3619 efl'e
922 3555 945 3605 :¹
996 3528 1209 3627 ponit
1293 3529 1500 3607 enim
1574 3529 1774 3607 suam
1846 3533 2272 3631 negativam

721 3629 863 3706 effe
914 3654 1169 3711 veram
1210 3657 1443 3731 quam
1492 3630 1772 3730 profert
1823 3660 1841 3710 ε
1913 3634 1986 3715 8<
2039 3633 2273 3713 fimile

722 3728 824 3807 est
878 3732 969 3807 de
1021 3756 1113 3808 eo
1165 3735 1295 3831 qui
1346 3751 1569 3831 negat
1622 3733 1760 3813 hoc
1822 3731 2271 3834 principium

725 3830 1385 3911 contradiffionem
1456 3859 1608 3912 non
1680 3836 1816 3912 effe
1894 3833 2103 3915 simul
2154 3861 2273 3914 ve-

721 3953 924 4007 ram.
984 3935 1290 4032 Negans
1342 3934 1545 4011 enim
1584 3934 1723 4016 hoc
1749 3991 1773 4029 ,
1824 3937 2007 4016 dicit
2053 3963 2273 4038 nega·-

720 4031 1009 4112 tionem
1057 4059 1282 4136 quam
1332 4035 1589 4137 ponit,
1641 4039 1778 4115 effe
1814 4062 2114 4135 veram,
2139 4064 2265 4140 op·

715 4134 1029 4234 positam
1080 4157 1331 4218 autem
1381 4137 1956 4220 affirmationem
1985 4138 2268 4238 salsam3

719 4236 796 4313 8<
846 4236 938 4327 fic
990 4260 1142 4318 non
1193 4243 1281 4320 de
1335 4243 1596 4323 eodem
1648 4261 2041 4343 utrumque
2081 4245 2265 4322 veri·

719 4334 960 4414 ficari.
1015 4340 1092 4418 Si
1149 4341 1373 4440 igitur
1416 4344 1501 4421 ,id
1553 4344 1644 4423 ad
1669 4342 1872 4441 cujus
1922 4346 2265 4423 remotio-

718 4460 897 4516 nem
949 4434 1269 4539 sequitur
1321 4443 1440 4521 sua
1463 4443 1766 4544 pofiti0‚
1817 4462 2108 4545 oportet
2133 4447 2269 4524 effe

719 4536 1063 4638 semper,
1115 4561 1197 4619 ut
1300 4548 1635 4625 robatum
1704 4545 1805 4625 est
1854 4599 1882 4643 ‚
1952 4545 2271 4648 sequitur

720 4640 923 4740 quod
985 4642 1206 4738 praedi
1285 4671 1341 4723 ae
1394 4648 1917 4748 propofitiones
1965 4703 1992 4746 ‚
2054 4649 2139 4730 δε
2197 4676 2272 4729 o-

716 4765 956 4854 mnes
1000 4766 1159 4839 quae
1212 4769 1302 4823 ex
1376 4747 1489 4825 his
1556 4749 1967 4849 >sequuntur
2016 4806 2044 4846 ‚
2136 4751 2273 4832 sint

720 4846 1183 4943 sempiterna!
1205 4903 1225 4935 ,
1285 4849 1422 4925 Hae
1468 4853 2277 4953 autem-propositiones

715 4970 874 5031 non
929 4942 1095 5043 sunt
1146 4952 1351 5039 Deus
1401 5005 1421 5029 .
1476 4952 1685 5051 Ergo
1734 4951 2274 5061 aliquid‘opor·

2405 589 2634 690 igitur
2685 644 2713 684 ‚
2762 589 2838 668 8<
2885 588 3329 688 hujusmodi·
3375 588 3692 668 rationes
3762 586 3955 667 sumi

2400 693 2688 793 potsunt
2740 716 2831 770 ex
2885 710 3087 792 parte
3139 708 3633 772 creaturarum
3671 747 3701 789 ,
3748 691 3956 792 quod
4034 747 4044 758 -

2395 809 2736 875 creaturae
2793 790 3089 875 fuerunt
3138 795 3419 916 semper
3470 848 3489 868 .

2625 953 2680 1015 C
2767 955 2831 1018 Α
2918 954 2965 1015 Ρ
3053 957 3112 1019 U
3199 957 3261 1017 T
3425 951 3734 1015 XXXIV.

2559 1078 2831 1139 Rationes
2861 1076 3102 1160 sumpte
3141 1099 3208 1141 ex
3243 1093 3413 1159 parte
3439 1071 3717 1150 saHionis
3757 1114 3778 1136 .

2548 1200 2825 1279 Offunt.
2859 1219 3106 1280 autem
3131 1195 3582 1280 summi‘aliae
3631 1195 3952 1279 rationes

2603 1327 2696 1380 ex
2746 1323 2954 1402 parte
2976 1302 3193 1404 ipsms
3228 1298 3571 1382 saffionis
3618 1300 3711 1377 ad
3747 1298 3953 1378 idem

2391 1403 2915 1483 ostendendum
2970 1465 2987 1482 .
3803 1417 3824 1436 ‘

2509 1533 2539 1582 1
2629 1508 2858 1603 Quod
2910 1507 3116 1585 enim
3169 1508 3263 1584 ab
3335 1503 3686 1584 omnibus¹
3748 1527 3951 1582 com·-

2391 1608 2717 1686 muniter
2768 1609 3081 1702 dicitur,
3136 1607 3574 1706 impossibile
3625 1602 3725 1681 est
3759 1623 3943 1682 tota·

2395 1709 2566 1787 liter
2616 1709 2752 1789 esse
2807 1707 3109 1788 falsum:
3166 1708 3341 1786 falsa
3393 1710 3600 1787 enim
3652 1706 3942 1802 opinio,

2396 1811 2784 1889 infirmitas
2839 1814 3171 1911 quaedam
3200 1807 3613 1890 intellectus
3666 1805 3812 1902 est,
3864 1806 3946 1924 si:

2390 1930 2519 1991 cut
2568 1913 2641 1990 8<
2711 1910 2974 1992 falsum
3047 1912 3399 2005 iudicium
3469 1913 3561 1990 de
3627 1908 3942 1987 sensibili

2396 2014 2857 2113 propri0,ex
2911 2015 3346 2094 infirmitate
3385 2014 3626 2092 sensus
3648 2010 3935 2091 accidit.
4003 2116 4007 2119 Α

2395 2113 2744 2193 Βεῐεᾶιις
2794 2136 3042 2194 autem
3115 2142 3244 2216 per
3313 2117 3649 2195 accidens
3699 2114 3864 2193 sunt
3912 2163 3943 2206 ‚
4015 2157 4016 2160 ¹

2388 2217 2562 2314 quia
2579 2234 2836 2314 praeter
2859 2236 3129 2295 naturae
3162 2217 3652 2294 intentionem
3676 2242 3692 2286 ε
3730 2215 3933 2313 quod

2383 2335 2634 2394 autem
2687 2316 2785 2393 est
2839 2343 2967 2416 per
3020 2317 3351 2396 accidens
3404 2369 3429 2410 ,
3501 2340 3652 2393 non
3703 2312 3938 2413 potest

2386 2418 2528 2492 ess'e
2582 2416 2864 2518 semper
2912 2472 2939 2512 ‚
3011 2419 3085 2495 8<
3140 2418 3215 2495 in
3269 2416 3612 2495 omnibus
3662 2442 3686 2504 ς
3759 2413 3940 2493 ficut

2385 2516 2762 2614 judicium
2794 2519 2886 2596 de
2921 2519 3290 2618 saporib‘us
3310 2571 3335 2610 ‚
3386 2519 3581 2617 quod
3601 2516 3697 2593 ab
3722 2515 3937 2616 omni

2380 2618 2586 2717 gustu
2640 2619 2891 2715 datur,
2945 2646 3096 2698 non
3149 2616 3374 2719 potest
3430 2620 3568 2698 ess'e
3620 2615 3936 2713 falsum,

2383 2720 2487 2799 ita
2560 2719 2916 2816 iudicium
2995 2723 3195 2821 quod
3261 2722 3356 2798 ab
3440 2719 3786 2797 omnibus
3837 2721 3934 2796 de

2379 2820 2687 2902 veritate
2737 2825 2992 2918 datur,
3043 2848 3198 2901 non
3227 2818 3477 2923 ‘potest
3551 2820 3688 2898 effe
3740 2837 3934 2900 erro·

2379 2947 2604 3003 neum
2658 2981 2677 3001 .
2728 2925 3175 3004 Communis
3265 2942 3514 3002 autem
3570 2922 3930 3002 sententia

2374 3024 2477 3104 est
2528 3027 2871 3105 omnium
2927 3026 3540 3126 Philosophorum
3590 3079 3627 3119 ‚‚
3669 3024 3767 3103 'ex
3819 3024 3930 3103 ni-

2375 3126 2533 3205 hilo
2584 3126 2773 3205 nihil
2825 3127 3025 3206 fieri.
3097 3131 3418 3227 Oportet
3486 3127 3507 3202 i
3569 3126 3714 3205 itur
3784 3128 3924 3206 effe

2374 3252 2670 3305 verum.
2715 3228 2802 3308 Si
2857 3230 3084 3329 igitur
3134 3229 3418 3328 aliquid
3470 3152 3568 3306 effi
3617 3226 3927 3327 faQum5

2374 3349 2665 3430 oportet
2715 3355 2805 3409 ex
2856 3329 3110 3431 aliquo
3162 3331 3296 3410 effe
3348 3329 3664 3425 facium:
3721 3333 3922 3431 quod

2377 3430 2427 3508 si
2483 3432 2711 3510 etiam
2764 3431 3041 3512 fabium
3092 3431 3246 3527 fit,
3322 3450 3615 3534 oportet
3694 3433 3926 3513 etiam

2373 3532 2447 3611 8<
2498 3532 2646 3612 hoc‘
2690 3559 2784 3612 ex
2835 3535 2986 3613 alio
3038 3533 3245 3613 fieri.
3302 3537 3486 3612 Non
3538 3534 3764 3632 potest
3795 3561 3922 3612 au·

2374 3651 2529 3714 tem
2581 3635 2722 3713 hoc
2774 3635 3249 3714 ininfinitum
3269 3637 3692 3735 procedere:
3746 3634 3923 3733 quia

2375 3736 2470 3817 {ic
2522 3737 2726 3815 n'ulla
2775 3736 3155 3835 generatio
3185 3735 3717 3832 compleretur,
3745 3758 3922 3813 cum

2376 3863 2528 3917 non
2611 3835 2698 3916 fit
2789 3836 3146 3935 poffibile‘
3185 3832 3472 3912 infinita
3553 3833 3845 3914 tranfire
3898 3891 3919 3913 .

2376 3941 2695 4039 Oportet
2745 3935 2974 4034 igitur
3040 3935 3385 4014 devenire
3456 3939 3549 4016 ad
3621 3936 3924 4037 aliquod

2367 4040 2695 4141 primum
2743 4039 2943 4138 quod
2994 4063 3146 4116 non
3180 4035 3262 4116 fit
3289 4035 3604 4118 saelum.
3662 4043 3920 4118 Omne

2368 4157 2617 4221 autern
2668 4163 2796 4218 ens
2845 4140 3044 4242 quod
3096 4145 3301 4218 non'
3332 4140 3613 4240 semper
3694 4138 3837 4219 fuit
3889 4154 3921 4238 ,'

2367 4256 2425 4322 o·
2466 4258 2656 4321 ortet
2725 4240 2865 4345 effe
2933 4238 3213 4323 saecum
3264 4297 3286 4319 .
3371 4245 3576 4342 Ergo
3624 4257 3921 4344 oportet

2368 4345 2551 4423 ilud
2603 4367 2694 4421 ex
2744 4368 2895 4443 quo
2944 4344 3197 4444 omnia
3223 4342 3467 4443 primo
3516 4343 3747 4440 fiunt,
3781 4342 3924 4422 effe

2374 4443 2895 4545 sempiternum
2930 4500 2950 4523 .
3028 4448 3195 4524 Hoc
3277 4461 3527 4543 autem
3560 4461 3572 4482 ··
3594 4465 3748 4525 non
3817 4443 3922 4524 est

2371 4552 2621 4641 Deus,
2671 4547 2844 4646 quia
2901 4545 3049 4646 ipse
3099 4571 3252 4625 non
3307 4546 3534 4647 potest
3577 4549 3713 4625 effe
3767 4564 3922 4627 ma*-
3992 4622 3998 4629 .

2373 4648 2558 4729 teria
2608 4649 2912 4728 alicuius
2964 4647 3113 4741 rei,
3165 4668 3247 4727 ut
3302 4648 3380 4727 in
3434 4651 3489 4727 1.
3527 4649 3738 4747 (Lib.
3758 4673 3917 4748 cap.

2372 4754 2593 4833 xv1'1.
2647 4751 2694 4849 )‚
2745 4753 3129 4851 probatum
3199 4749 3299 4828 est
3349 4808 3368 4828 .
3444 4749 3920 4851 Relinquitur

2375 4853 2848 4953 igiturquod
2897 4851 3183 4953 aliquid
3252 4870 3452 4966 extra
3533 4855 3784 4932 Deum
3833 4850 3920 4929 sit

2377 4975 2731 5042 aeternum
2750 5010 2779 5056 ‚
2831 4956 3110 5039 scilicet
3155 4973 3467 5038 materia
3515 4954 3817 5145 primati
3893 4963 3906 4983 '

3071 5116 3077 5123 ·
3132 5088 3136 5094 ⁵
3540 5127 3550 5135 .
3614 5083 3682 5136 2·
3811 5071 3966 5131 m⁸'
