4597 5696
670 413 1007 730 i).
1374 424 1650 732 T,
1867 511 2112 733 H
2381 507 2620 730 o
2888 511 3240 729 M
3463 507 3901 728 ΑΕ

678 853 689 864 ·
1074 815 3512 1054 AQUINATIS
3732 848 3788 873 ·

970 1072 2264 1211 DooTORIS
2374 1070 3615 1246 ANGELICI

694 1220 936 1429 DE
1053 1307 1984 1432 VERITATE
2104 1306 3308 1432 CATHoLICAE
3413 1258 3910 1485 FIDEi

1097 1500 2069 1626 CONTRA
2242 1537 3568 1627 GENTILES'

665 1659 1731 1868 'LIBER
1941 1689 4073 1943 ἐΕεῑυΝῡυεᾼι

1064 2010 1702 2078 CAPUT
1830 2016 1883 2078 1

828 2132 1199 2192 ContInuatio
1228 2131 1579 2212 sequentium
1619 2135 1700 2195 ad
1729 2134 2092 2218 precedentia
2107 2176 2130 2200 .

1146 2311 1473 2389 Editatus
1540 2311 1699 2390 sum
1767 2313 1847 2391 in
1910 2312 2250 2390 omnibus

1172 2411 1512 2512 operibus
1581 2415 1725 2492 tuis
1752 2467 1780 2508 ‚
1830 2414 1903 2491 8<
1931 2413 2012 2490 in
2047 2410 2253 2489 faeiis
2295 2426 2315 2444 ·

1176 2537 1525 2592 manuum
1596 2532 1887 2592 tuarum
1953 2512 2254 2590 medita-

1176 2615 1342 2693 bar.
1403 2614 1595 2710 Psal.
1648 2618 1889 2694 cxl11.
1953 2640 2018 2711 ς.

653 2775 659 2784 ·
1274 2714 1419 2794 Rei
1487 2714 1873 2811 cujuslibet
1940 2711 2255 2815 perfeeta

684 2821 1022 2918 cognitio
1073 2817 1325 2897 haberi
1375 2842 1527 2894 non
1578 2817 1805 2915 potest
1828 2873 1853 2912 ,
1904 2815 2036 2895 nisi
2092 2813 2244 2905 eius

686 2921 1018 3017 operatio
1067 2915 1578 3015 cognoscatur:
1612 2943 1702 2997 ex
1753 2921 1979 2997 modo
2031 2917 2243 2995 enim

685 3018 1163 3116 operationis?
1215 3019 1287 3093 8(
1331 3015 1607 3113 fspecie
1658 3070 1685 3109 ‚
1766 3017 2102 3114 mensura
2169 3017 2246 3094 8<

684 3119 999 3216 qualitas
1050 3115 1344 3196 virtutis
1388 3116 1763 3217 pensatur.
1816 3118 2076 3196 Virtus
2124 3139 2245 3193 ve·

682 3242 773 3295 ro
824 3223 1165 3298 naturam
1218 3217 1326 3295 rei
1380 3215 1734 3296 monstrat
1778 3245 1794 3291 ε
1853 3216 2247 3296 secundum
2296 3292 2303 3299 .

688 3315 833 3397 hoc
907 3320 1111 3399 enim
1176 3343 1410 3396 unum
1469 3319 1754 3419 uodque
1841 3337 2094 3396 natum
2148 3313 2247 3393 est

685 3420 1027 3520 operari,
1154 3420 1297 3497 uod
1369 3444 1411 3496 a
1489 3445 1537 3497 u
1618 3419 1842 3497 talem
1911 3437 2253 3497 naturam

689 3518 986 3601 sortitur
1028 3579 1047 3597 .
1203 3519 1259 3597 st
1311 3521 1875 3620 autemduplex
1926 3521 2031 3597 rei
2084 3546 2252 3620 ope·

689 3622 882 3700 ratio
906 3677 932 3716 ‚
986 3642 1069 3701 ut
1136 3621 1619 3720 Philosophus
1686 3622 1906 3699 tradit
1982 3621 2062 3698 in
2117 3624 2250 3699 IX.

683 3721 1030 3819 Metaph.
1084 3722 1302 3818 (text.
1356 3746 1545 3800 com.
1601 3723 1831 3817 xv1.)
1885 3720 2251 3819 Unaqui-

683 3820 859 3896 dem
911 3846 1069 3919 quae
1123 3821 1204 3896 in
1281 3822 1437 3923 ipso
1506 3840 1851 3922 operante
1922 3838 2171 3898 manet
2220 3872 2249 3914 ‚

687 3922 762 3999 8<
817 3919 917 3999 est
969 3919 1184 4021 ipfius
1236 3926 1603 4021 operantis
1676 3919 2030 4023 perfeffio
2061 3975 2087 4016 ‚
2164 3937 2251 3997 ut

690 4021 960 4102 sentire
1004 4075 1033 4117 ‚
1073 4020 1517 4123 intelligere
1554 4079 1579 4120 ‚
1630 4025 1703 4102 8<
1784 4021 2021 4099 velle.
2079 4021 2254 4099 Alia

687 4148 869 4203 vero
926 4149 1086 4222 quae
1141 4123 1220 4201 in
1270 4127 1704 4205 exteriorem
1759 4147 1915 4201 rem
1946 4122 2197 4201 transit
2228 4174 2257 4216 ‚

688 4247 854 4317 quae
944 4226 1042 4301 est
1114 4226 1468 4324 perfeffio
1537 4224 1712 4304 faeti
1744 4280 1771 4319 ‚
1815 4274 1826 4284 ·
1866 4226 2062 4323 quod
2132 4246 2258 4321 per

690 4322 929 4423 ipsam
983 4327 1485 4421 constituitur,
1538 4344 1619 4405 ut
1667 4323 2106 4418 calefacere,
2161 4323 2256 4401 se-

690 4448 860 4501 care
901 4457 932 4517 ‚·
998 4423 1070 4499 8<
1123 4428 1473 4507 aedificare
1517 4485 1537 4505 .
1601 4431 1934 4526 Utraque
2010 4441 2257 4503 autem

598 4608 604 4613 ,
694 4523 1057 4602 dictarum
1111 4530 1621 4624 operationum
1674 4527 2030 4625 competit
2073 4530 2254 4605 Deo:

689 4624 928 4723 prima
983 4625 1281 4726 quidem
1343 4629 1425 4704 in
1472 4654 1563 4706 eo
1615 4631 1810 4725 quod
1851 4626 2205 4725 intelligit
2232 4680 2261 4722 ‚

628 4733 639 4739 “
693 4725 910 4820 vult,
962 4728 1227 4821 gaudet
1257 4780 1285 4822 ‚
1336 4728 1407 4803 8<
1459 4745 1701 4819 amatz,
1745 4729 1897 4805 alia
1949 4752 2128 4806 vero
2184 4729 2263 4806 in

705 4828 1237 4924 eoquod-'res
1317 4828 1399 4905 in
1472 4829 1609 4904 esse
1678 4830 2086 4925 producit,
2188 4830 2261 4907 8<

700 4948 823 5006 eas
894 4927 1275 5010 conservat
1308 4982 1337 5030 ,
1407 4928 1485 5011 8<
1554 4928 1745 5028 regit
1767 4983 1787 5007 .
1876 4929 2077 5031 Quia
2116 4954 2263 5015 vve·

2351 2043 2438 2095 ro
2488 2017 2726 2117 prima
2791 2015 3124 2115 operatio
3190 2011 3543 2116 perfefflio
3610 2040 3910 2114 operan-

2357 2119 2450 2194 tis
2503 2118 2645 2210 est,
2700 2117 3005 2193 secunda
3057 2141 3232 2192 vero
3284 2113 3636 2214 perfefiio
3687 2115 3912 2208 satin

2349 2240 2571 2312 agens
2622 2231 2869 2292 autem
2945 2214 3369 2291 naturaliter
3434 2215 3631 2309 prius
3716 2214 3913 2293 fatsto

2353 2313 2452 2390 est
2505 2367 2534 2408 ‚
2600 2315 2673 2391 8<
2746 2314 2955 2391 causa
3028 2313 3300 2412 ipfius:
3372 2330 3662 2410 oportet
3718 2315 3915 2412 quod

2354 2413 2592 2514 prima
2643 2410 3000 2492 dinatum
3070 2414 3581 2511 operationum
3656 2412 3740 2491 fit
3809 2439 3916 2491 ra-

2356 2515 2466 2593 tio
2520 2515 2837 2592 secundae
2864 2567 2889 2609 ‚
2940 2514 3013 2591 8<
3065 2537 3232 2590 eam
3284 2515 3634 2612 praecedat
3703 2531 3918 2593 natu-

2355 2615 2643 2712 raliter,
2697 2614 2875 2702 ficut
2913 2614 3149 2692 causa
3231 2612 3578 2691 effeCmm
3612 2670 3631 2689 .
3688 2615 3917 2713 Quod

2356 2717 2656 2817 quidem
2708 2716 2789 2793 in
2841 2716 3052 2794 rebus
3124 2713 3466 2793 humanis
3537 2714 3916 2794 manifeste

2346 2836 2641 2918 apparet
2670 2875 2690 2895 .
2760 2814 3260 2896 Confideratio
3331 2814 3533 2892 enirn
3560 2870 3585 2909 ‚
3658 2817 3731 2894 8<
3781 2842 3912 2897 vo·

2340 2919 2585 2997 luntas
2655 2917 2952 2996 artificis
2989 2972 3016 3012 ‚
3089 2917 3540 3016 principium
3614 2915 3712 2993 est
3759 2971 3785 3012 ‚
3836 2916 3915 2996 &

2347 3020 2537 3096 ratio
2587 3017 3079 3096 aedificationis
3113 3072 3131 3092 .
3208 3019 3452 3096 Prima
3528 3016 3753 3114 igitur
3804 3017 3911 3096 di-

2347 3117 2628 3196 &tarum
2681 3120 3193 3217 operationum
3215 3172 3241 3211 ‚
3294 3134 3675 3217 tamquam
3745 3117 3912 3196 fim-

2350 3220 2519 3318 plex
2569 3217 2937 3319 operantis
2989 3216 3341 3319 perfeffio
3359 3272 3385 3313 ‚
3470 3218 3912 3317 operationis

2348 3320 2689 3398 vendicat
2739 3319 2871 3397 fibi
2918 3345 3192 3398 nornen
3219 3376 3246 3416 ‚
3295 3320 3418 3400 vel
3440 3320 3668 3400 etiam
3691 3318 3922 3404 afflo-

2352 3421 2507 3498 nis.
2562 3421 2885 3499 Secunda
2936 3447 3158 3516 vero,
3211 3429 3303 3510 eo
3348 3424 3552 3523 >quod
3620 3420 3704 3499 fit
3761 3445 3922 3522 per-

2355 3519 2577 3600 feffio
2614 3518 2830 3615 ῗαξὶί,
2884 3520 3223 3600 ῗαξὶίοηίς
3264 3547 3535 3624 nomen
3580 3522 3917 3598 assumit:

2351 3623 2543 3713 unde
2634 3619 3050 3699 manufae’ta
3122 3622 3459 3698 dicuntur
3540 3642 3703 3717 quae
3784 3641 3916 3716 per

2351 3719 2718 3798 afflonem
2772 3720 3182 3816 hujusmodi
3234 3722 3328 3794 ab
3383 3718 3662 3797 artifice
3714 3719 3793 3796 in
3815 3719 3918 3801 es-

2351 3821 2422 3895 se
2474 3821 2915 3917 procedunt,
2974 3823 3090 3895 De
3143 3817 3378 3918 prima
3458 3837 3707 3897 autern
3762 3818 3914 3898 Dei

2351 3919 2775 4019 operatione
2849 3919 2933 3997 'in
3003 3918 3431 4015 praecedenti
3513 3922 3742 3998 Libro
3792 3919 3820 4016 (
3870 3944 3917 3997 a

2356 4046 2509 4121 cap.
2561 4020 2759 4099 xlrv.
2813 4020 3039 4118 usque
3076 4020 3179 4096 ,ad
3230 4017 3355 4096 fin.
3411 4019 3439 4117 )
3507 4021 3657 4117 jam
3735 4020 3919 4100 dixi-

2359 4147 2567 4214 mus,
2619 4120 2746 4197 ubi
2799 4119 2899 4198 est
2951 4117 3339 4198 astumde
3413 4121 3837 4226 cognitione
3886 4173 3917 4217 ,

2357 4225 2430 4300 8<
2485 4221 2863 4300 voluntate
2914 4221 3222 4298 divina:
3268 4224 3490 4302 unde
3556 4225 3647 4308 ad
3718 4246 3919 4300 com-

2359 4324 2633 4423 pletam
2685 4323 2951 4400 divinae
3018 4321 3346 4399 veritatis
3414 4323 3917 4403 confideratio-

2359 4449 2536 4501 nem
2586 4422 2799 4501 restat
2849 4446 3046 4500 nunc
3132 4423 3221 4499 de
3291 4419 3597 4504 secunda
3674 4448 3921 4523 opera-

2360 4524 2564 4611 tione
2616 4522 2929 4603 traetare
2952 4577 2978 4618 ‚
3030 4546 3159 4624 per
3206 4550 3431 4624 quam
3483 4526 3758 4605 scilicet
3807 4547 3922 4602 res

2365 4627 2902 4726 producuntur,
2956 4641 3028 4702 et
3080 4628 3572 4722 gubernantur
3622 4652 3664 4704 a
3715 4632 3921 4707 Deo.

2367 4729 2622 4823 Quem
2670 4726 2970 4825 quidem
3021 4725 3356 4804 ordinem
3406 4750 3497 4805 ex
3548 4724 3922 4826 praemiffis

2363 4827 2605 4905 verbis
2683 4827 2962 4903 sumere
3028 4826 3392 4925 postumus
3427 4883 3447 4904 .
3535 4828 3925 4907 Praemittit

2367 4951 2690 5029 namque
2738 4927 2996 5030 primae
3031 4928 3474 5029 operationis
3508 4928 3926 5009 meditatio·

3692 5047 3926 5124 nem,
