<?xml version="1.0" encoding="UTF-8"?>
<!DOCTYPE html PUBLIC "-//W3C//DTD XHTML 1.0 Transitional//EN"
    "http://www.w3.org/TR/xhtml1/DTD/xhtml1-transitional.dtd">
<html xmlns="http://www.w3.org/1999/xhtml" xml:lang="en" lang="en">
 <head>
  <title>
</title>
<meta http-equiv="Content-Type" content="text/html;charset=utf-8" />
  <meta name='ocr-system' content='tesseract 3.04.00' />
  <meta name='ocr-capabilities' content='ocr_page ocr_carea ocr_par ocr_line ocrx_word'/>
</head>
<body>
  <div class='ocr_page' id='page_1' title='image "./summacontragent00aqugoog_0144.png"; bbox 0 0 4597 5696; ppageno 0'>
   <div class='ocr_carea' id='block_1_1' title="bbox 733 471 2088 673">
    <p class='ocr_par' dir='ltr' id='par_1_1' title="bbox 733 471 2088 673">
     <span class='ocr_line' id='line_1_1' title="bbox 735 471 854 533; baseline -0.008 -20"><span class='ocrx_word' id='word_1_1' title='bbox 735 471 854 533; x_wconf 80' lang='lat'>¹04</span> 
     </span>
     <span class='ocr_line' id='line_1_2' title="bbox 733 559 2088 673; baseline -0.01 -20"><span class='ocrx_word' id='word_1_2' title='bbox 733 570 1018 657; x_wconf 80' lang='lat' dir='ltr'>lentum</span> <span class='ocrx_word' id='word_1_3' title='bbox 1047 626 1088 671; x_wconf 9' lang='grc' dir='ltr'>ἢ,</span> <span class='ocrx_word' id='word_1_4' title='bbox 1137 593 1376 673; x_wconf 91' lang='lat' dir='ltr'>neque</span> <span class='ocrx_word' id='word_1_5' title='bbox 1428 566 1707 648; x_wconf 85' lang='lat' dir='ltr'>necesse</span> <span class='ocrx_word' id='word_1_6' title='bbox 1758 559 1860 642; x_wconf 90' lang='lat' dir='ltr'>est</span> <span class='ocrx_word' id='word_1_7' title='bbox 1912 562 2088 642; x_wconf 81' lang='lat' dir='ltr'>effe.</span> 
     </span>
    </p>
   </div>
   <div class='ocr_carea' id='block_1_2' title="bbox 588 704 2333 5052">
    <p class='ocr_par' dir='ltr' id='par_1_2' title="bbox 588 704 2304 1494">
     <span class='ocr_line' id='line_1_3' title="bbox 944 704 2088 777; baseline -0.01 0"><span class='ocrx_word' id='word_1_8' title='bbox 944 715 998 776; x_wconf 92' lang='lat' dir='ltr'>C</span> <span class='ocrx_word' id='word_1_9' title='bbox 1081 714 1142 777; x_wconf 81' lang='lat' dir='ltr'>A</span> <span class='ocrx_word' id='word_1_10' title='bbox 1232 710 1278 774; x_wconf 89' lang='grc' dir='ltr'>Ρ</span> <span class='ocrx_word' id='word_1_11' title='bbox 1367 709 1427 772; x_wconf 91' lang='lat' dir='ltr'>U</span> <span class='ocrx_word' id='word_1_12' title='bbox 1515 709 1576 772; x_wconf 91' lang='lat' dir='ltr'>T</span> <span class='ocrx_word' id='word_1_13' title='bbox 1718 704 2088 770; x_wconf 81' lang='lat' dir='ltr'>Lxxx111.</span> 
     </span>
     <span class='ocr_line' id='line_1_4' title="bbox 936 784 2097 882; baseline -0.012 -25"><span class='ocrx_word' id='word_1_14' title='bbox 936 797 1112 882; x_wconf 69' lang='lat' dir='ltr'>‚Quod</span> <span class='ocrx_word' id='word_1_15' title='bbox 1150 791 1320 859; x_wconf 80' lang='lat' dir='ltr'>Deus·</span> <span class='ocrx_word' id='word_1_16' title='bbox 1349 792 1483 853; x_wconf 81' lang='lat' dir='ltr'>vult</span> <span class='ocrx_word' id='word_1_17' title='bbox 1521 789 1748 873; x_wconf 71' lang='lat' dir='ltr'>aliquid</span> <span class='ocrx_word' id='word_1_18' title='bbox 1792 784 1957 881; x_wconf 57' lang='lat' dir='ltr'>afiud</span> <span class='ocrx_word' id='word_1_19' title='bbox 1969 788 2097 866; x_wconf 66' lang='lat' dir='ltr'>asir,</span> 
     </span>
     <span class='ocr_line' id='line_1_5' title="bbox 1138 871 1905 954; baseline -0.012 -14"><span class='ocrx_word' id='word_1_20' title='bbox 1138 875 1443 954; x_wconf 78' lang='lat' dir='ltr'>neceffitate</span> <span class='ocrx_word' id='word_1_21' title='bbox 1480 871 1905 954; x_wconf 80' lang='lat' dir='ltr'>suppofi&#39;tioms.</span> 
     </span>
     <span class='ocr_line' id='line_1_6' title="bbox 908 971 2304 1074; baseline -0.005 -14"><span class='ocrx_word' id='word_1_22' title='bbox 908 979 978 1060; x_wconf 88' lang='lat' dir='ltr'>X</span> <span class='ocrx_word' id='word_1_23' title='bbox 1034 978 1147 1057; x_wconf 92' lang='lat' dir='ltr'>his</span> <span class='ocrx_word' id='word_1_24' title='bbox 1199 991 1445 1054; x_wconf 87' lang='lat' dir='ltr'>autern</span> <span class='ocrx_word' id='word_1_25' title='bbox 1500 971 1755 1052; x_wconf 85' lang='lat' dir='ltr'>haberi</span> <span class='ocrx_word' id='word_1_26' title='bbox 1824 971 2054 1072; x_wconf 88' lang='lat' dir='ltr'>potest</span> <span class='ocrx_word' id='word_1_27' title='bbox 2105 972 2304 1074; x_wconf 90' lang='lat' dir='ltr'>quod</span> 
     </span>
     <span class='ocr_line' id='line_1_7' title="bbox 739 981 2304 1171; baseline -0.005 -11"><span class='ocrx_word' id='word_1_28' title='bbox 739 981 901 1171; x_wconf 81' lang='lat' dir='ltr'>E</span> <span class='ocrx_word' id='word_1_29' title='bbox 959 1082 1131 1160; x_wconf 90' lang='lat' dir='ltr'>licet</span> <span class='ocrx_word' id='word_1_30' title='bbox 1214 1081 1416 1156; x_wconf 77' lang='lat' dir='ltr'>Deus</span> <span class='ocrx_word' id='word_1_31' title='bbox 1483 1075 1677 1153; x_wconf 89' lang='lat' dir='ltr'>circa</span> <span class='ocrx_word' id='word_1_32' title='bbox 1743 1073 2026 1155; x_wconf 89' lang='lat' dir='ltr'>causata</span> <span class='ocrx_word' id='word_1_33' title='bbox 2111 1075 2304 1155; x_wconf 90' lang='lat' dir='ltr'>nihil</span> 
     </span>
     <span class='ocr_line' id='line_1_8' title="bbox 588 1177 2303 1273; baseline -0.006 -7"><span class='ocrx_word' id='word_1_34' title='bbox 588 1177 597 1186; x_wconf 71' lang='grc'><strong>’</strong></span> <span class='ocrx_word' id='word_1_35' title='bbox 745 1184 1140 1266; x_wconf 81' lang='lat' dir='ltr'>necess&#39;ario</span> <span class='ocrx_word' id='word_1_36' title='bbox 1188 1180 1375 1259; x_wconf 89' lang='lat' dir='ltr'>velit</span> <span class='ocrx_word' id='word_1_37' title='bbox 1414 1177 1784 1273; x_wconf 82' lang='lat' dir='ltr'>absolute,</span> <span class='ocrx_word' id='word_1_38' title='bbox 1839 1179 1999 1258; x_wconf 92' lang='lat' dir='ltr'>vult</span> <span class='ocrx_word' id='word_1_39' title='bbox 2051 1194 2303 1257; x_wconf 88' lang='lat' dir='ltr'>tamen</span> 
     </span>
     <span class='ocr_line' id='line_1_9' title="bbox 746 1278 2303 1389; baseline -0.006 -22"><span class='ocrx_word' id='word_1_40' title='bbox 746 1286 1030 1389; x_wconf 90' lang='lat' dir='ltr'>aliquid</span> <span class='ocrx_word' id='word_1_41' title='bbox 1080 1281 1473 1363; x_wconf 84' lang='lat' dir='ltr'>necessario</span> <span class='ocrx_word' id='word_1_42' title='bbox 1522 1304 1616 1361; x_wconf 83' lang='lat' dir='ltr'>ex</span> <span class='ocrx_word' id='word_1_43' title='bbox 1662 1278 2131 1383; x_wconf 85' lang='lat' dir='ltr'>conditione,</span> <span class='ocrx_word' id='word_1_44' title='bbox 2179 1279 2303 1362; x_wconf 90' lang='lat' dir='ltr'>vel</span> 
     </span>
     <span class='ocr_line' id='line_1_10' title="bbox 742 1387 1263 1494; baseline -0.015 -26"><span class='ocrx_word' id='word_1_45' title='bbox 742 1387 1263 1494; x_wconf 86' lang='lat' dir='ltr'>suppositione.</span> 
     </span>
    </p>

    <p class='ocr_par' dir='ltr' id='par_1_3' title="bbox 745 1480 2324 2497">
     <span class='ocr_line' id='line_1_11' title="bbox 856 1480 2314 1586; baseline -0.007 -15"><span class='ocrx_word' id='word_1_46' title='bbox 856 1521 915 1571; x_wconf 91' lang='lat'>1.</span> <span class='ocrx_word' id='word_1_47' title='bbox 971 1486 1363 1570; x_wconf 87' lang='lat' dir='ltr'>ostensum</span> <span class='ocrx_word' id='word_1_48' title='bbox 1412 1481 1513 1563; x_wconf 90' lang='lat' dir='ltr'>est</span> <span class='ocrx_word' id='word_1_49' title='bbox 1559 1482 1770 1562; x_wconf 89' lang='lat' dir='ltr'>enim</span> <span class='ocrx_word' id='word_1_50' title='bbox 1820 1480 1848 1581; x_wconf 89' lang='lat'>(</span> <span class='ocrx_word' id='word_1_51' title='bbox 1875 1509 2029 1586; x_wconf 88' lang='lat' dir='ltr'>cap.</span> <span class='ocrx_word' id='word_1_52' title='bbox 2055 1485 2314 1585; x_wconf 76' lang='lat' dir='ltr'>praeC.)</span> 
     </span>
     <span class='ocr_line' id='line_1_12' title="bbox 748 1586 2313 1677; baseline -0.008 1"><span class='ocrx_word' id='word_1_53' title='bbox 748 1595 1085 1677; x_wconf 85' lang='lat' dir='ltr'>divinam</span> <span class='ocrx_word' id='word_1_54' title='bbox 1135 1589 1598 1669; x_wconf 87' lang='lat' dir='ltr'>voluntatem</span> <span class='ocrx_word' id='word_1_55' title='bbox 1640 1587 2186 1668; x_wconf 84' lang='lat' dir='ltr'>immutabilem</span> <span class='ocrx_word' id='word_1_56' title='bbox 2210 1586 2313 1666; x_wconf 91' lang='lat' dir='ltr'>es-</span> 
     </span>
     <span class='ocr_line' id='line_1_13' title="bbox 749 1690 2314 1794; baseline -0.006 -16"><span class='ocrx_word' id='word_1_57' title='bbox 749 1699 827 1778; x_wconf 87' lang='lat' dir='ltr'>se</span> <span class='ocrx_word' id='word_1_58' title='bbox 868 1758 888 1775; x_wconf 92' lang='lat'>.</span> <span class='ocrx_word' id='word_1_59' title='bbox 963 1700 1049 1775; x_wconf 89' lang='lat' dir='ltr'>In</span> <span class='ocrx_word' id='word_1_60' title='bbox 1101 1690 1439 1794; x_wconf 86' lang='lat' dir='ltr'>quolibet</span> <span class='ocrx_word' id='word_1_61' title='bbox 1507 1705 1757 1768; x_wconf 89' lang='lat' dir='ltr'>autem</span> <span class='ocrx_word' id='word_1_62' title='bbox 1808 1691 2314 1791; x_wconf 77' lang='lat' dir='ltr'>immutabili,</span> 
     </span>
     <span class='ocr_line' id='line_1_14' title="bbox 745 1791 2311 1896; baseline -0.017 -11"><span class='ocrx_word' id='word_1_63' title='bbox 745 1798 807 1886; x_wconf 78' lang='lat' dir='ltr'>fi</span> <span class='ocrx_word' id='word_1_64' title='bbox 859 1796 1083 1878; x_wconf 84' lang='lat' dir='ltr'>semel</span> <span class='ocrx_word' id='word_1_65' title='bbox 1135 1794 1234 1873; x_wconf 90' lang='lat' dir='ltr'>est</span> <span class='ocrx_word' id='word_1_66' title='bbox 1287 1791 1616 1893; x_wconf 86' lang='lat' dir='ltr'>aliquid,</span> <span class='ocrx_word' id='word_1_67' title='bbox 1667 1816 1820 1872; x_wconf 86' lang='lat' dir='ltr'>non</span> <span class='ocrx_word' id='word_1_68' title='bbox 1870 1795 2097 1894; x_wconf 86' lang='lat' dir='ltr'>potest</span> <span class='ocrx_word' id='word_1_69' title='bbox 2124 1791 2311 1896; x_wconf 83' lang='lat' dir='ltr'>post.</span> 
     </span>
     <span class='ocr_line' id='line_1_15' title="bbox 748 1894 2311 1985; baseline -0.006 0"><span class='ocrx_word' id='word_1_70' title='bbox 748 1904 1060 1985; x_wconf 87' lang='lat' dir='ltr'>modum</span> <span class='ocrx_word' id='word_1_71' title='bbox 1118 1922 1267 1978; x_wconf 88' lang='lat' dir='ltr'>non</span> <span class='ocrx_word' id='word_1_72' title='bbox 1322 1895 1581 1975; x_wconf 84' lang='lat' dir='ltr'>inesse:</span> <span class='ocrx_word' id='word_1_73' title='bbox 1635 1894 1775 1976; x_wconf 89' lang='lat' dir='ltr'>hoc</span> <span class='ocrx_word' id='word_1_74' title='bbox 1803 1894 2008 1974; x_wconf 91' lang='lat' dir='ltr'>enim</span> <span class='ocrx_word' id='word_1_75' title='bbox 2059 1921 2311 1976; x_wconf 87' lang='lat' dir='ltr'>move-</span> 
     </span>
     <span class='ocr_line' id='line_1_16' title="bbox 750 1996 2317 2115; baseline -0.006 -28"><span class='ocrx_word' id='word_1_76' title='bbox 750 2005 821 2089; x_wconf 81' lang='lat' dir='ltr'>ri</span> <span class='ocrx_word' id='word_1_77' title='bbox 873 2005 1188 2084; x_wconf 77' lang='lat' dir='ltr'>dicimus</span> <span class='ocrx_word' id='word_1_78' title='bbox 1239 1999 1436 2115; x_wconf 88' lang='lat' dir='ltr'>quod</span> <span class='ocrx_word' id='word_1_79' title='bbox 1475 1996 1690 2076; x_wconf 88' lang='lat' dir='ltr'>aliter</span> <span class='ocrx_word' id='word_1_80' title='bbox 1730 1997 2044 2077; x_wconf 89' lang='lat' dir='ltr'>sehabet</span> <span class='ocrx_word' id='word_1_81' title='bbox 2093 2025 2317 2097; x_wconf 78' lang='lat' dir='ltr'>nunc,</span> 
     </span>
     <span class='ocr_line' id='line_1_17' title="bbox 749 2100 2317 2208; baseline -0.004 -20"><span class='ocrx_word' id='word_1_82' title='bbox 749 2123 832 2189; x_wconf 85' lang='lat' dir='ltr'>et</span> <span class='ocrx_word' id='word_1_83' title='bbox 882 2107 1081 2208; x_wconf 88' lang='lat' dir='ltr'>prius</span> <span class='ocrx_word' id='word_1_84' title='bbox 1121 2160 1140 2180; x_wconf 98' lang='lat'>.</span> <span class='ocrx_word' id='word_1_85' title='bbox 1212 2104 1290 2179; x_wconf 78' lang='lat'>81</span> <span class='ocrx_word' id='word_1_86' title='bbox 1361 2100 1589 2198; x_wconf 89' lang='lat' dir='ltr'>igitur</span> <span class='ocrx_word' id='word_1_87' title='bbox 1658 2100 1910 2179; x_wconf 90' lang='lat' dir='ltr'>divina</span> <span class='ocrx_word' id='word_1_88' title='bbox 1978 2100 2317 2182; x_wconf 85' lang='lat' dir='ltr'>voluntas</span> 
     </span>
     <span class='ocr_line' id='line_1_18' title="bbox 753 2198 2324 2301; baseline -0.004 -14"><span class='ocrx_word' id='word_1_89' title='bbox 753 2208 856 2287; x_wconf 86' lang='lat' dir='ltr'>est</span> <span class='ocrx_word' id='word_1_90' title='bbox 912 2198 1397 2284; x_wconf 87' lang='lat' dir='ltr'>immutabilis</span> <span class='ocrx_word' id='word_1_91' title='bbox 1428 2255 1458 2294; x_wconf 92' lang='lat'>.,</span> <span class='ocrx_word' id='word_1_92' title='bbox 1509 2198 1742 2299; x_wconf 81' lang='lat' dir='ltr'>posito</span> <span class='ocrx_word' id='word_1_93' title='bbox 1792 2202 1988 2298; x_wconf 92' lang='lat' dir='ltr'>quod</span> <span class='ocrx_word' id='word_1_94' title='bbox 2041 2202 2324 2301; x_wconf 87' lang='lat' dir='ltr'>aliquid</span> 
     </span>
     <span class='ocr_line' id='line_1_19' title="bbox 755 2299 2321 2405; baseline -0.005 -17"><span class='ocrx_word' id='word_1_95' title='bbox 755 2307 986 2405; x_wconf 84' lang='lat' dir='ltr'>velit,</span> <span class='ocrx_word' id='word_1_96' title='bbox 1037 2301 1316 2383; x_wconf 88' lang='lat' dir='ltr'>necesse</span> <span class='ocrx_word' id='word_1_97' title='bbox 1366 2299 1470 2380; x_wconf 86' lang='lat' dir='ltr'>est</span> <span class='ocrx_word' id='word_1_98' title='bbox 1522 2325 1611 2384; x_wconf 88' lang='lat' dir='ltr'>ex</span> <span class='ocrx_word' id='word_1_99' title='bbox 1647 2299 2126 2402; x_wconf 70' lang='lat' dir='ltr'>suppositione</span> <span class='ocrx_word' id='word_1_100' title='bbox 2146 2326 2321 2380; x_wconf 90' lang='lat' dir='ltr'>eum</span> 
     </span>
     <span class='ocr_line' id='line_1_20' title="bbox 751 2407 1183 2497; baseline -0.032 0"><span class='ocrx_word' id='word_1_101' title='bbox 751 2412 901 2497; x_wconf 79' lang='lat' dir='ltr'>hoc</span> <span class='ocrx_word' id='word_1_102' title='bbox 948 2407 1183 2490; x_wconf 89' lang='lat' dir='ltr'>velle.</span> 
     </span>
    </p>

    <p class='ocr_par' dir='ltr' id='par_1_4' title="bbox 754 2505 2328 3105">
     <span class='ocr_line' id='line_1_21' title="bbox 866 2505 2322 2593; baseline -0.006 0"><span class='ocrx_word' id='word_1_103' title='bbox 866 2543 934 2593; x_wconf 83' lang='lat'>2..</span> <span class='ocrx_word' id='word_1_104' title='bbox 990 2515 1218 2592; x_wconf 88' lang='lat' dir='ltr'>Item.</span> <span class='ocrx_word' id='word_1_105' title='bbox 1265 2509 1525 2587; x_wconf 85' lang='lat' dir='ltr'>Omne</span> <span class='ocrx_word' id='word_1_106' title='bbox 1545 2518 1894 2586; x_wconf 86' lang='lat' dir='ltr'>aeternum</span> <span class='ocrx_word' id='word_1_107' title='bbox 1932 2505 2032 2588; x_wconf 90' lang='lat' dir='ltr'>est</span> <span class='ocrx_word' id='word_1_108' title='bbox 2084 2505 2322 2585; x_wconf 91' lang='lat' dir='ltr'>neces-</span> 
     </span>
     <span class='ocr_line' id='line_1_22' title="bbox 757 2609 2327 2697; baseline -0.006 0"><span class='ocrx_word' id='word_1_109' title='bbox 757 2616 1029 2697; x_wconf 85' lang='lat' dir='ltr'>sarium</span> <span class='ocrx_word' id='word_1_110' title='bbox 1064 2671 1083 2690; x_wconf 95' lang='lat'>.</span> <span class='ocrx_word' id='word_1_111' title='bbox 1159 2615 1410 2692; x_wconf 93' lang='lat' dir='ltr'>Deum</span> <span class='ocrx_word' id='word_1_112' title='bbox 1476 2625 1727 2688; x_wconf 91' lang='lat' dir='ltr'>autem</span> <span class='ocrx_word' id='word_1_113' title='bbox 1803 2609 1997 2688; x_wconf 88' lang='lat' dir='ltr'>velle</span> <span class='ocrx_word' id='word_1_114' title='bbox 2049 2610 2147 2686; x_wconf 86' lang='lat' dir='ltr'>ali</span> <span class='ocrx_word' id='word_1_115' title='bbox 2202 2609 2327 2687; x_wconf 92' lang='lat' dir='ltr'>uid</span> 
     </span>
     <span class='ocr_line' id='line_1_23' title="bbox 754 2635 2328 2809; baseline -0.008 -7"><span class='ocrx_word' id='word_1_116' title='bbox 754 2719 1136 2801; x_wconf 90' lang='lat' dir='ltr'>causatum</span> <span class='ocrx_word' id='word_1_117' title='bbox 1205 2712 1346 2792; x_wconf 81' lang='lat' dir='ltr'>esse</span> <span class='ocrx_word' id='word_1_118' title='bbox 1398 2766 1426 2809; x_wconf 86' lang='lat'>‚</span> <span class='ocrx_word' id='word_1_119' title='bbox 1497 2709 1597 2791; x_wconf 91' lang='lat' dir='ltr'>est</span> <span class='ocrx_word' id='word_1_120' title='bbox 1647 2729 2063 2790; x_wconf 81' lang='lat' dir='ltr'>aeternum:</span> <span class='ocrx_word' id='word_1_121' title='bbox 2145 2635 2328 2791; x_wconf 51' lang='lat' dir='ltr'>Rcut</span> 
     </span>
     <span class='ocr_line' id='line_1_24' title="bbox 757 2813 2326 2912; baseline -0.007 -10"><span class='ocrx_word' id='word_1_122' title='bbox 757 2823 968 2902; x_wconf 88' lang='lat' dir='ltr'>enirn</span> <span class='ocrx_word' id='word_1_123' title='bbox 1019 2819 1157 2899; x_wconf 88' lang='lat' dir='ltr'>esse</span> <span class='ocrx_word' id='word_1_124' title='bbox 1210 2816 1469 2912; x_wconf 86' lang='lat' dir='ltr'>suum,</span> <span class='ocrx_word' id='word_1_125' title='bbox 1521 2815 1627 2895; x_wconf 87' lang='lat' dir='ltr'>ita</span> <span class='ocrx_word' id='word_1_126' title='bbox 1678 2828 1753 2893; x_wconf 89' lang='lat' dir='ltr'>et</span> <span class='ocrx_word' id='word_1_127' title='bbox 1802 2815 1996 2894; x_wconf 90' lang='lat' dir='ltr'>velle</span> <span class='ocrx_word' id='word_1_128' title='bbox 2047 2813 2326 2894; x_wconf 81' lang='lat' dir='ltr'>aeterni-</span> 
     </span>
     <span class='ocr_line' id='line_1_25' title="bbox 759 2917 2325 3017; baseline -0.007 -13"><span class='ocrx_word' id='word_1_129' title='bbox 759 2941 914 3005; x_wconf 89' lang='lat' dir='ltr'>tate</span> <span class='ocrx_word' id='word_1_130' title='bbox 975 2919 1435 2999; x_wconf 86' lang='lat' dir='ltr'>mensuratur</span> <span class='ocrx_word' id='word_1_131' title='bbox 1475 2975 1494 2993; x_wconf 93' lang='lat'>.</span> <span class='ocrx_word' id='word_1_132' title='bbox 1572 2917 1696 2996; x_wconf 90' lang='lat' dir='ltr'>Est</span> <span class='ocrx_word' id='word_1_133' title='bbox 1765 2941 1943 3017; x_wconf 89' lang='lat' dir='ltr'>ergo</span> <span class='ocrx_word' id='word_1_134' title='bbox 2018 2919 2325 3010; x_wconf 69' lang='lat' dir='ltr'>necessa·</span> 
     </span>
     <span class='ocr_line' id='line_1_26' title="bbox 758 3017 2318 3105; baseline -0.009 0"><span class='ocrx_word' id='word_1_135' title='bbox 758 3027 958 3105; x_wconf 84' lang='lat' dir='ltr'>rium</span> <span class='ocrx_word' id='word_1_136' title='bbox 981 3080 999 3097; x_wconf 91' lang='lat'>.</span> <span class='ocrx_word' id='word_1_137' title='bbox 1033 3022 1196 3100; x_wconf 78' lang='lat' dir='ltr'>Sed</span> <span class='ocrx_word' id='word_1_138' title='bbox 1224 3045 1373 3098; x_wconf 93' lang='lat' dir='ltr'>non</span> <span class='ocrx_word' id='word_1_139' title='bbox 1428 3017 1750 3096; x_wconf 90' lang='lat' dir='ltr'>absolute</span> <span class='ocrx_word' id='word_1_140' title='bbox 1772 3017 2318 3097; x_wconf 75' lang='lat' dir='ltr'>consideratum:</span> 
     </span>
    </p>

    <p class='ocr_par' dir='ltr' id='par_1_5' title="bbox 760 3119 2324 3425">
     <span class='ocr_line' id='line_1_27' title="bbox 815 3119 2322 3203; baseline -0.005 -1"><span class='ocrx_word' id='word_1_141' title='bbox 815 3126 938 3203; x_wconf 89' lang='lat' dir='ltr'>uia</span> <span class='ocrx_word' id='word_1_142' title='bbox 990 3121 1332 3202; x_wconf 89' lang='lat' dir='ltr'>voluntas</span> <span class='ocrx_word' id='word_1_143' title='bbox 1416 3120 1560 3198; x_wconf 89' lang='lat' dir='ltr'>Dei</span> <span class='ocrx_word' id='word_1_144' title='bbox 1613 3143 1762 3196; x_wconf 91' lang='lat' dir='ltr'>non</span> <span class='ocrx_word' id='word_1_145' title='bbox 1816 3119 2036 3196; x_wconf 91' lang='lat' dir='ltr'>habet</span> <span class='ocrx_word' id='word_1_146' title='bbox 2088 3120 2322 3197; x_wconf 88' lang='lat' dir='ltr'>neces·</span> 
     </span>
     <span class='ocr_line' id='line_1_28' title="bbox 760 3152 2324 3308; baseline -0.005 -1"><span class='ocrx_word' id='word_1_147' title='bbox 760 3152 1027 3308; x_wconf 49' lang='lat' dir='ltr'>{iriam</span> <span class='ocrx_word' id='word_1_148' title='bbox 1079 3220 1585 3302; x_wconf 83' lang='lat' dir='ltr'>habitudinem</span> <span class='ocrx_word' id='word_1_149' title='bbox 1636 3221 1725 3297; x_wconf 88' lang='lat' dir='ltr'>ad</span> <span class='ocrx_word' id='word_1_150' title='bbox 1779 3221 1916 3298; x_wconf 88' lang='lat' dir='ltr'>hoc</span> <span class='ocrx_word' id='word_1_151' title='bbox 1968 3221 2324 3299; x_wconf 89' lang='lat' dir='ltr'>volitum.</span> 
     </span>
     <span class='ocr_line' id='line_1_29' title="bbox 761 3322 2323 3425; baseline -0.006 -15"><span class='ocrx_word' id='word_1_152' title='bbox 761 3328 894 3410; x_wconf 80' lang='lat' dir='ltr'>Est</span> <span class='ocrx_word' id='word_1_153' title='bbox 945 3350 1126 3425; x_wconf 82' lang='lat' dir='ltr'>ergo</span> <span class='ocrx_word' id='word_1_154' title='bbox 1178 3322 1648 3404; x_wconf 70' lang='lat' dir='ltr'>necessarium</span> <span class='ocrx_word' id='word_1_155' title='bbox 1696 3347 1785 3401; x_wconf 86' lang='lat' dir='ltr'>ex</span> <span class='ocrx_word' id='word_1_156' title='bbox 1817 3322 2323 3423; x_wconf 77' lang='lat' dir='ltr'>suppositione.</span> 
     </span>
    </p>

    <p class='ocr_par' dir='ltr' id='par_1_6' title="bbox 757 3423 2323 4032">
     <span class='ocr_line' id='line_1_30' title="bbox 870 3423 2323 3533; baseline -0.002 -27"><span class='ocrx_word' id='word_1_157' title='bbox 870 3460 936 3533; x_wconf 85' lang='lat'>3.</span> <span class='ocrx_word' id='word_1_158' title='bbox 991 3434 1342 3509; x_wconf 79' lang='lat' dir='ltr'>Praeterea</span> <span class='ocrx_word' id='word_1_159' title='bbox 1377 3482 1396 3502; x_wconf 94' lang='lat'>.</span> <span class='ocrx_word' id='word_1_160' title='bbox 1471 3423 1849 3524; x_wconf 78' lang='lat' dir='ltr'>Quicquid</span> <span class='ocrx_word' id='word_1_161' title='bbox 1931 3427 2132 3503; x_wconf 88' lang='lat' dir='ltr'>Deus</span> <span class='ocrx_word' id='word_1_162' title='bbox 2197 3450 2323 3525; x_wconf 89' lang='lat' dir='ltr'>po-</span> 
     </span>
     <span class='ocr_line' id='line_1_31' title="bbox 758 3525 2323 3633; baseline -0.008 -18"><span class='ocrx_word' id='word_1_163' title='bbox 758 3532 906 3615; x_wconf 86' lang='lat' dir='ltr'>tuit</span> <span class='ocrx_word' id='word_1_164' title='bbox 955 3587 983 3627; x_wconf 80' lang='lat'>,</span> <span class='ocrx_word' id='word_1_165' title='bbox 1049 3528 1279 3633; x_wconf 88' lang='lat' dir='ltr'>potest</span> <span class='ocrx_word' id='word_1_166' title='bbox 1319 3556 1349 3605; x_wconf 94' lang='lat'>.·</span> <span class='ocrx_word' id='word_1_167' title='bbox 1419 3527 1651 3607; x_wconf 87' lang='lat' dir='ltr'>virtus</span> <span class='ocrx_word' id='word_1_168' title='bbox 1704 3527 1908 3605; x_wconf 89' lang='lat' dir='ltr'>enim</span> <span class='ocrx_word' id='word_1_169' title='bbox 1961 3525 2114 3622; x_wconf 81' lang='lat' dir='ltr'>ejus</span> <span class='ocrx_word' id='word_1_170' title='bbox 2167 3553 2323 3605; x_wconf 89' lang='lat' dir='ltr'>non</span> 
     </span>
     <span class='ocr_line' id='line_1_32' title="bbox 757 3626 2318 3730; baseline -0.006 -16"><span class='ocrx_word' id='word_1_171' title='bbox 757 3633 1122 3714; x_wconf 89' lang='lat' dir='ltr'>minuitur</span> <span class='ocrx_word' id='word_1_172' title='bbox 1157 3688 1184 3730; x_wconf 83' lang='lat'><strong>‚</strong></span> <span class='ocrx_word' id='word_1_173' title='bbox 1251 3629 1429 3709; x_wconf 84' lang='lat' dir='ltr'>sicut</span> <span class='ocrx_word' id='word_1_174' title='bbox 1521 3651 1656 3708; x_wconf 89' lang='lat' dir='ltr'>nec</span> <span class='ocrx_word' id='word_1_175' title='bbox 1736 3626 1888 3721; x_wconf 76' lang='lat' dir='ltr'>ejus</span> <span class='ocrx_word' id='word_1_176' title='bbox 1979 3630 2318 3706; x_wconf 87' lang='lat' dir='ltr'>essentia.</span> 
     </span>
     <span class='ocr_line' id='line_1_33' title="bbox 757 3728 2320 3833; baseline -0.005 -17"><span class='ocrx_word' id='word_1_177' title='bbox 757 3739 903 3816; x_wconf 88' lang='lat' dir='ltr'>Sed</span> <span class='ocrx_word' id='word_1_178' title='bbox 955 3760 1109 3814; x_wconf 88' lang='lat' dir='ltr'>non</span> <span class='ocrx_word' id='word_1_179' title='bbox 1160 3729 1386 3833; x_wconf 87' lang='lat' dir='ltr'>potest</span> <span class='ocrx_word' id='word_1_180' title='bbox 1439 3756 1634 3809; x_wconf 85' lang='lat' dir='ltr'>nunc</span> <span class='ocrx_word' id='word_1_181' title='bbox 1689 3756 1840 3807; x_wconf 92' lang='lat' dir='ltr'>non</span> <span class='ocrx_word' id='word_1_182' title='bbox 1874 3728 2068 3807; x_wconf 85' lang='lat' dir='ltr'>velle</span> <span class='ocrx_word' id='word_1_183' title='bbox 2120 3731 2320 3827; x_wconf 90' lang='lat' dir='ltr'>quod</span> 
     </span>
     <span class='ocr_line' id='line_1_34' title="bbox 759 3828 2323 3939; baseline -0.003 -28"><span class='ocrx_word' id='word_1_184' title='bbox 759 3837 1192 3939; x_wconf 86' lang='lat' dir='ltr'>proponitur</span> <span class='ocrx_word' id='word_1_185' title='bbox 1243 3831 1550 3910; x_wconf 72' lang='lat' dir='ltr'>voluisse</span> <span class='ocrx_word' id='word_1_186' title='bbox 1585 3886 1611 3926; x_wconf 85' lang='lat'>‚</span> <span class='ocrx_word' id='word_1_187' title='bbox 1662 3832 1835 3933; x_wconf 89' lang='lat' dir='ltr'>quia</span> <span class='ocrx_word' id='word_1_188' title='bbox 1886 3854 2039 3909; x_wconf 90' lang='lat' dir='ltr'>non</span> <span class='ocrx_word' id='word_1_189' title='bbox 2089 3828 2323 3928; x_wconf 90' lang='lat' dir='ltr'>potest</span> 
     </span>
     <span class='ocr_line' id='line_1_35' title="bbox 761 3933 2322 4032; baseline -0.006 -14"><span class='ocrx_word' id='word_1_190' title='bbox 761 3937 1034 4018; x_wconf 80' lang='lat' dir='ltr'>mutari</span> <span class='ocrx_word' id='word_1_191' title='bbox 1088 3935 1208 4013; x_wconf 81' lang='lat' dir='ltr'>sua</span> <span class='ocrx_word' id='word_1_192' title='bbox 1245 3933 1617 4014; x_wconf 74' lang='lat' dir='ltr'>voluntaS.</span> <span class='ocrx_word' id='word_1_193' title='bbox 1674 3939 1831 4032; x_wconf 84' lang='lat' dir='ltr'>Erg</span> <span class='ocrx_word' id='word_1_194' title='bbox 1853 3963 1884 4010; x_wconf 87' lang='lat'>:·.</span> <span class='ocrx_word' id='word_1_195' title='bbox 1917 3953 2322 4031; x_wconf 80' lang='lat' dir='ltr'>numquam</span> 
     </span>
    </p>

    <p class='ocr_par' dir='ltr' id='par_1_7' title="bbox 716 4032 2321 4544">
     <span class='ocr_line' id='line_1_36' title="bbox 716 4032 2318 4151; baseline -0.008 -29"><span class='ocrx_word' id='word_1_196' title='bbox 716 4042 720 4046; x_wconf 73' lang='grc'>’</span> <span class='ocrx_word' id='word_1_197' title='bbox 760 4039 1003 4144; x_wconf 84' lang='lat' dir='ltr'>potuit</span> <span class='ocrx_word' id='word_1_198' title='bbox 1053 4059 1205 4116; x_wconf 92' lang='lat' dir='ltr'>non</span> <span class='ocrx_word' id='word_1_199' title='bbox 1254 4034 1446 4113; x_wconf 89' lang='lat' dir='ltr'>velle</span> <span class='ocrx_word' id='word_1_200' title='bbox 1480 4035 1827 4137; x_wconf 89' lang='lat' dir='ltr'>quicquid</span> <span class='ocrx_word' id='word_1_201' title='bbox 1850 4032 2130 4151; x_wconf 71' lang='lat' dir='ltr'>voluit:</span> <span class='ocrx_word' id='word_1_202' title='bbox 2181 4032 2318 4132; x_wconf 86' lang='lat' dir='ltr'>igi-</span> 
     </span>
     <span class='ocr_line' id='line_1_37' title="bbox 763 4133 2317 4238; baseline -0.006 -16"><span class='ocrx_word' id='word_1_203' title='bbox 763 4162 882 4223; x_wconf 88' lang='lat' dir='ltr'>tur</span> <span class='ocrx_word' id='word_1_204' title='bbox 953 4139 1053 4219; x_wconf 89' lang='lat' dir='ltr'>est</span> <span class='ocrx_word' id='word_1_205' title='bbox 1125 4137 1602 4217; x_wconf 75' lang='lat' dir='ltr'>necessarium</span> <span class='ocrx_word' id='word_1_206' title='bbox 1672 4164 1762 4217; x_wconf 87' lang='lat' dir='ltr'>ex</span> <span class='ocrx_word' id='word_1_207' title='bbox 1834 4133 2317 4238; x_wconf 78' lang='lat' dir='ltr'>suppositione</span> 
     </span>
     <span class='ocr_line' id='line_1_38' title="bbox 760 4235 2321 4342; baseline -0.006 -19"><span class='ocrx_word' id='word_1_208' title='bbox 760 4270 936 4323; x_wconf 88' lang='lat' dir='ltr'>eum</span> <span class='ocrx_word' id='word_1_209' title='bbox 1003 4241 1306 4323; x_wconf 82' lang='lat' dir='ltr'>voluifl&#39;e</span> <span class='ocrx_word' id='word_1_210' title='bbox 1358 4240 1709 4342; x_wconf 87' lang='lat' dir='ltr'>quicquid</span> <span class='ocrx_word' id='word_1_211' title='bbox 1758 4239 2000 4318; x_wconf 87' lang='lat' dir='ltr'>voluit</span> <span class='ocrx_word' id='word_1_212' title='bbox 2041 4292 2068 4332; x_wconf 83' lang='lat'>‚</span> <span class='ocrx_word' id='word_1_213' title='bbox 2139 4235 2321 4315; x_wconf 86' lang='lat' dir='ltr'>ficut</span> 
     </span>
     <span class='ocr_line' id='line_1_39' title="bbox 763 4338 2318 4438; baseline -0.007 -12"><span class='ocrx_word' id='word_1_214' title='bbox 763 4363 842 4426; x_wconf 83' lang='lat' dir='ltr'>et</span> <span class='ocrx_word' id='word_1_215' title='bbox 890 4343 1123 4438; x_wconf 86' lang='lat' dir='ltr'>velle:,</span> <span class='ocrx_word' id='word_1_216' title='bbox 1175 4358 1517 4421; x_wconf 87' lang='lat' dir='ltr'>neutrum</span> <span class='ocrx_word' id='word_1_217' title='bbox 1568 4358 1816 4421; x_wconf 89' lang='lat' dir='ltr'>autem</span> <span class='ocrx_word' id='word_1_218' title='bbox 1846 4338 2318 4420; x_wconf 76' lang='lat' dir='ltr'>necessarium</span> 
     </span>
     <span class='ocr_line' id='line_1_40' title="bbox 764 4438 2319 4544; baseline -0.008 -15"><span class='ocrx_word' id='word_1_219' title='bbox 764 4447 1138 4540; x_wconf 88' lang='lat' dir='ltr'>absolute,</span> <span class='ocrx_word' id='word_1_220' title='bbox 1191 4445 1308 4522; x_wconf 86' lang='lat' dir='ltr'>sed</span> <span class='ocrx_word' id='word_1_221' title='bbox 1335 4443 1662 4544; x_wconf 79' lang='lat' dir='ltr'>possibile</span> <span class='ocrx_word' id='word_1_222' title='bbox 1682 4444 1907 4522; x_wconf 89' lang='lat' dir='ltr'>modo</span> <span class='ocrx_word' id='word_1_223' title='bbox 1956 4438 2319 4543; x_wconf 63' lang='lat' dir='ltr'>praedicto.</span> 
     </span>
    </p>

    <p class='ocr_par' dir='ltr' id='par_1_8' title="bbox 762 4541 2333 5052">
     <span class='ocr_line' id='line_1_41' title="bbox 867 4541 2321 4650; baseline -0.008 -22"><span class='ocrx_word' id='word_1_224' title='bbox 867 4579 940 4650; x_wconf 85' lang='lat'>4.</span> <span class='ocrx_word' id='word_1_225' title='bbox 997 4544 1343 4644; x_wconf 86' lang='lat' dir='ltr'>Amplius</span> <span class='ocrx_word' id='word_1_226' title='bbox 1377 4601 1397 4622; x_wconf 93' lang='lat'>.</span> <span class='ocrx_word' id='word_1_227' title='bbox 1453 4545 1927 4646; x_wconf 85' lang='lat' dir='ltr'>Quicumque</span> <span class='ocrx_word' id='word_1_228' title='bbox 1978 4542 2141 4622; x_wconf 88' lang='lat' dir='ltr'>vult</span> <span class='ocrx_word' id='word_1_229' title='bbox 2191 4541 2321 4618; x_wconf 91' lang='lat' dir='ltr'>ali-</span> 
     </span>
     <span class='ocr_line' id='line_1_42' title="bbox 762 4640 2327 4753; baseline -0.006 -23"><span class='ocrx_word' id='word_1_230' title='bbox 762 4653 940 4753; x_wconf 83' lang='lat' dir='ltr'>quid</span> <span class='ocrx_word' id='word_1_231' title='bbox 993 4704 1022 4745; x_wconf 82' lang='lat'>,</span> <span class='ocrx_word' id='word_1_232' title='bbox 1090 4646 1480 4725; x_wconf 82' lang='lat' dir='ltr'>necess‘ario</span> <span class='ocrx_word' id='word_1_233' title='bbox 1529 4646 1829 4736; x_wconf 80' lang='lat' dir='ltr'>vultea</span> <span class='ocrx_word' id='word_1_234' title='bbox 1879 4672 2039 4746; x_wconf 79' lang='lat' dir='ltr'>quae</span> <span class='ocrx_word' id='word_1_235' title='bbox 2089 4640 2327 4722; x_wconf 90' lang='lat' dir='ltr'>neces·</span> 
     </span>
     <span class='ocr_line' id='line_1_43' title="bbox 764 4745 2333 4851; baseline -0.008 -16"><span class='ocrx_word' id='word_1_236' title='bbox 764 4757 950 4835; x_wconf 88' lang='lat' dir='ltr'>sario</span> <span class='ocrx_word' id='word_1_237' title='bbox 1002 4750 1472 4851; x_wconf 86' lang='lat' dir='ltr'>requiruntur</span> <span class='ocrx_word' id='word_1_238' title='bbox 1520 4750 1612 4824; x_wconf 88' lang='lat' dir='ltr'>ad</span> <span class='ocrx_word' id='word_1_239' title='bbox 1663 4748 1891 4843; x_wconf 82' lang='lat' dir='ltr'>illud,</span> <span class='ocrx_word' id='word_1_240' title='bbox 1919 4745 2053 4826; x_wconf 86' lang='lat' dir='ltr'>nili</span> <span class='ocrx_word' id='word_1_241' title='bbox 2104 4745 2190 4824; x_wconf 78' lang='lat' dir='ltr'>sit</span> <span class='ocrx_word' id='word_1_242' title='bbox 2241 4768 2333 4824; x_wconf 88' lang='lat' dir='ltr'>ex</span> 
     </span>
     <span class='ocr_line' id='line_1_44' title="bbox 764 4846 2330 4962; baseline -0.005 -28"><span class='ocrx_word' id='word_1_243' title='bbox 764 4872 967 4962; x_wconf 77' lang='lat' dir='ltr'>parte</span> <span class='ocrx_word' id='word_1_244' title='bbox 1019 4851 1175 4951; x_wconf 79' lang='lat' dir='ltr'>ejus</span> <span class='ocrx_word' id='word_1_245' title='bbox 1223 4846 1547 4930; x_wconf 56' lang='lat' dir='ltr'>defectus</span> <span class='ocrx_word' id='word_1_246' title='bbox 1611 4848 1734 4926; x_wconf 89' lang='lat' dir='ltr'>vel</span> <span class='ocrx_word' id='word_1_247' title='bbox 1780 4867 2075 4949; x_wconf 90' lang='lat' dir='ltr'>propter</span> <span class='ocrx_word' id='word_1_248' title='bbox 2125 4850 2330 4947; x_wconf 89' lang='lat' dir='ltr'>igno-</span> 
     </span>
     <span class='ocr_line' id='line_1_45' title="bbox 765 4945 2331 5052; baseline -0.01 -13"><span class='ocrx_word' id='word_1_249' title='bbox 765 4957 1084 5039; x_wconf 89' lang='lat' dir='ltr'>rantiam</span> <span class='ocrx_word' id='word_1_250' title='bbox 1123 5010 1151 5051; x_wconf 84' lang='lat'>‚</span> <span class='ocrx_word' id='word_1_251' title='bbox 1228 4951 1350 5031; x_wconf 89' lang='lat' dir='ltr'>vel</span> <span class='ocrx_word' id='word_1_252' title='bbox 1401 4950 1573 5052; x_wconf 89' lang='lat' dir='ltr'>quia</span> <span class='ocrx_word' id='word_1_253' title='bbox 1623 4973 1669 5026; x_wconf 86' lang='lat' dir='ltr'>a</span> <span class='ocrx_word' id='word_1_254' title='bbox 1719 4947 1916 5027; x_wconf 60' lang='lat' dir='ltr'>refila</span> <span class='ocrx_word' id='word_1_255' title='bbox 1967 4945 2331 5027; x_wconf 72' lang='lat' dir='ltr'>eleEtione</span> 
     </span>
    </p>
   </div>
   <div class='ocr_carea' id='block_1_3' title="bbox 765 5048 2322 5166">
    <p class='ocr_par' dir='ltr' id='par_1_9' title="bbox 765 5048 2322 5166">
     <span class='ocr_line' id='line_1_46' title="bbox 765 5048 2322 5166; baseline -0.006 -23"><span class='ocrx_word' id='word_1_256' title='bbox 765 5061 918 5166; x_wconf 71' lang='lat' dir='ltr'>eius</span> <span class='ocrx_word' id='word_1_257' title='bbox 971 5059 1170 5163; x_wconf 79' lang='lat' dir='ltr'>quod</span> <span class='ocrx_word' id='word_1_258' title='bbox 1234 5053 1334 5145; x_wconf 73' lang='lat' dir='ltr'>est</span> <span class='ocrx_word' id='word_1_259' title='bbox 1423 5054 1518 5140; x_wconf 84' lang='lat' dir='ltr'>ad</span> <span class='ocrx_word' id='word_1_260' title='bbox 1584 5048 1814 5137; x_wconf 82' lang='lat' dir='ltr'>finem</span> <span class='ocrx_word' id='word_1_261' title='bbox 1851 5104 1884 5156; x_wconf 75' lang='lat'>,</span> <span class='ocrx_word' id='word_1_262' title='bbox 1949 5049 2322 5136; x_wconf 83' lang='lat' dir='ltr'>interdum</span> 
     </span>
    </p>
   </div>
   <div class='ocr_carea' id='block_1_4' title="bbox 1337 404 3269 525">
    <p class='ocr_par' dir='ltr' id='par_1_10' title="bbox 1337 404 3269 525">
     <span class='ocr_line' id='line_1_47' title="bbox 1337 404 3269 525; baseline 0.006 -12"><span class='ocrx_word' id='word_1_263' title='bbox 1337 446 1474 515; x_wconf 66' lang='lat' dir='ltr'>ms</span> <span class='ocrx_word' id='word_1_264' title='bbox 1529 444 2120 515; x_wconf 67' lang='lat' dir='ltr'>viram-Art</span> <span class='ocrx_word' id='word_1_265' title='bbox 2178 442 2896 521; x_wconf 80' lang='lat' dir='ltr'>CATHOLICAE</span> <span class='ocrx_word' id='word_1_266' title='bbox 2955 404 3269 525; x_wconf 74' lang='lat' dir='ltr'>1211&gt;iz1</span> 
     </span>
    </p>
   </div>
   <div class='ocr_carea' id='block_1_5' title="bbox 2398 568 3977 1471">
    <p class='ocr_par' dir='ltr' id='par_1_11' title="bbox 2398 568 3977 1471">
     <span class='ocr_line' id='line_1_48' title="bbox 2398 568 3967 675; baseline 0.004 -27"><span class='ocrx_word' id='word_1_267' title='bbox 2398 570 2782 651; x_wconf 87' lang='lat' dir='ltr'>abducitur</span> <span class='ocrx_word' id='word_1_268' title='bbox 2813 596 2943 674; x_wconf 89' lang='lat' dir='ltr'>per</span> <span class='ocrx_word' id='word_1_269' title='bbox 2967 570 3295 672; x_wconf 84' lang='lat' dir='ltr'>aliquam</span> <span class='ocrx_word' id='word_1_270' title='bbox 3318 569 3747 673; x_wconf 74' lang='lat' dir='ltr'>pastionem:</span> <span class='ocrx_word' id='word_1_271' title='bbox 3797 568 3967 675; x_wconf 65' lang='lat' dir='ltr'>qui</span> 
     </span>
     <span class='ocr_line' id='line_1_49' title="bbox 2398 674 3966 777; baseline 0.003 -28"><span class='ocrx_word' id='word_1_272' title='bbox 2398 674 2491 750; x_wconf 89' lang='lat' dir='ltr'>de</span> <span class='ocrx_word' id='word_1_273' title='bbox 2546 678 2713 753; x_wconf 90' lang='lat' dir='ltr'>Deo</span> <span class='ocrx_word' id='word_1_274' title='bbox 2763 675 2912 754; x_wconf 90' lang='lat' dir='ltr'>dici</span> <span class='ocrx_word' id='word_1_275' title='bbox 2982 698 3133 755; x_wconf 89' lang='lat' dir='ltr'>non</span> <span class='ocrx_word' id='word_1_276' title='bbox 3186 677 3477 775; x_wconf 79' lang='lat' dir='ltr'>possunt</span> <span class='ocrx_word' id='word_1_277' title='bbox 3509 731 3528 753; x_wconf 95' lang='lat'>.</span> <span class='ocrx_word' id='word_1_278' title='bbox 3603 676 3682 756; x_wconf 87' lang='lat' dir='ltr'>Si</span> <span class='ocrx_word' id='word_1_279' title='bbox 3733 676 3966 777; x_wconf 80' lang='lat' dir='ltr'>igitur</span> 
     </span>
     <span class='ocr_line' id='line_1_50' title="bbox 2406 775 3968 878; baseline 0.003 -23"><span class='ocrx_word' id='word_1_280' title='bbox 2406 780 2610 855; x_wconf 91' lang='lat' dir='ltr'>Deus</span> <span class='ocrx_word' id='word_1_281' title='bbox 2660 775 2979 856; x_wconf 90' lang='lat' dir='ltr'>volendo</span> <span class='ocrx_word' id='word_1_282' title='bbox 3035 776 3104 855; x_wconf 90' lang='lat' dir='ltr'>se</span> <span class='ocrx_word' id='word_1_283' title='bbox 3141 831 3168 871; x_wconf 84' lang='lat'>‚</span> <span class='ocrx_word' id='word_1_284' title='bbox 3220 777 3384 856; x_wconf 90' lang='lat' dir='ltr'>vult</span> <span class='ocrx_word' id='word_1_285' title='bbox 3435 776 3712 878; x_wconf 89' lang='lat' dir='ltr'>aliquid</span> <span class='ocrx_word' id='word_1_286' title='bbox 3759 777 3968 860; x_wconf 87' lang='lat' dir='ltr'>aliud</span> 
     </span>
     <span class='ocr_line' id='line_1_51' title="bbox 2405 875 3973 971; baseline 0.002 -17"><span class='ocrx_word' id='word_1_287' title='bbox 2405 903 2450 954; x_wconf 90' lang='lat' dir='ltr'>a</span> <span class='ocrx_word' id='word_1_288' title='bbox 2501 878 2617 971; x_wconf 84' lang='lat' dir='ltr'>se,</span> <span class='ocrx_word' id='word_1_289' title='bbox 2668 875 3137 957; x_wconf 78' lang='lat' dir='ltr'>neceffarium</span> <span class='ocrx_word' id='word_1_290' title='bbox 3189 877 3291 957; x_wconf 87' lang='lat' dir='ltr'>est</span> <span class='ocrx_word' id='word_1_291' title='bbox 3343 904 3518 959; x_wconf 82' lang='lat' dir='ltr'>eum</span> <span class='ocrx_word' id='word_1_292' title='bbox 3567 878 3758 958; x_wconf 85' lang='lat' dir='ltr'>velle</span> <span class='ocrx_word' id='word_1_293' title='bbox 3807 904 3973 957; x_wconf 82' lang='lat' dir='ltr'>om-</span> 
     </span>
     <span class='ocr_line' id='line_1_52' title="bbox 2408 979 3969 1084; baseline 0.001 -26"><span class='ocrx_word' id='word_1_294' title='bbox 2408 1004 2504 1058; x_wconf 90' lang='lat' dir='ltr'>ne</span> <span class='ocrx_word' id='word_1_295' title='bbox 2557 979 2742 1061; x_wconf 90' lang='lat' dir='ltr'>illud</span> <span class='ocrx_word' id='word_1_296' title='bbox 2792 982 2992 1084; x_wconf 88' lang='lat' dir='ltr'>quod</span> <span class='ocrx_word' id='word_1_297' title='bbox 3022 996 3029 1003; x_wconf 81' lang='grc'><em>·</em></span> <span class='ocrx_word' id='word_1_298' title='bbox 3059 981 3150 1073; x_wconf 83' lang='lat' dir='ltr'>ad</span> <span class='ocrx_word' id='word_1_299' title='bbox 3198 981 3520 1061; x_wconf 89' lang='lat' dir='ltr'>volitum</span> <span class='ocrx_word' id='word_1_300' title='bbox 3586 981 3682 1059; x_wconf 90' lang='lat' dir='ltr'>ab</span> <span class='ocrx_word' id='word_1_301' title='bbox 3732 1000 3825 1058; x_wconf 87' lang='lat' dir='ltr'>eo</span> <span class='ocrx_word' id='word_1_302' title='bbox 3871 981 3969 1059; x_wconf 85' lang='lat' dir='ltr'>de</span> 
     </span>
     <span class='ocr_line' id='line_1_53' title="bbox 2410 1082 3972 1182; baseline -0.001 -22"><span class='ocrx_word' id='word_1_303' title='bbox 2410 1083 2824 1163; x_wconf 75' lang='lat' dir='ltr'>necestitate</span> <span class='ocrx_word' id='word_1_304' title='bbox 2892 1082 3341 1182; x_wconf 88' lang='lat' dir='ltr'>requiritur:</span> <span class='ocrx_word' id='word_1_305' title='bbox 3419 1084 3598 1165; x_wconf 86' lang='lat' dir='ltr'>ficut</span> <span class='ocrx_word' id='word_1_306' title='bbox 3663 1083 3972 1161; x_wconf 79' lang='lat' dir='ltr'>necessa-</span> 
     </span>
     <span class='ocr_line' id='line_1_54' title="bbox 2405 1182 3977 1267; baseline 0 -5"><span class='ocrx_word' id='word_1_307' title='bbox 2405 1184 2601 1263; x_wconf 85' lang='lat' dir='ltr'>rium</span> <span class='ocrx_word' id='word_1_308' title='bbox 2674 1184 2773 1266; x_wconf 92' lang='lat' dir='ltr'>est</span> <span class='ocrx_word' id='word_1_309' title='bbox 2829 1189 3082 1264; x_wconf 90' lang='lat' dir='ltr'>Deum</span> <span class='ocrx_word' id='word_1_310' title='bbox 3132 1185 3326 1264; x_wconf 89' lang='lat' dir='ltr'>velle</span> <span class='ocrx_word' id='word_1_311' title='bbox 3375 1187 3707 1267; x_wconf 83' lang='lat' dir='ltr'>animam</span> <span class='ocrx_word' id='word_1_312' title='bbox 3758 1182 3977 1263; x_wconf 80' lang='lat' dir='ltr'>ratio·</span> 
     </span>
     <span class='ocr_line' id='line_1_55' title="bbox 2409 1285 3977 1391; baseline 0.001 -25"><span class='ocrx_word' id='word_1_313' title='bbox 2409 1286 2659 1366; x_wconf 84' lang='lat' dir='ltr'>nalem</span> <span class='ocrx_word' id='word_1_314' title='bbox 2709 1288 2897 1385; x_wconf 85' lang='lat' dir='ltr'>esse,</span> <span class='ocrx_word' id='word_1_315' title='bbox 2949 1286 3555 1391; x_wconf 18' lang='lat' dir='ltr'>suppofitolquod</span> <span class='ocrx_word' id='word_1_316' title='bbox 3610 1285 3796 1369; x_wconf 89' lang='lat' dir='ltr'>velit</span> <span class='ocrx_word' id='word_1_317' title='bbox 3844 1285 3977 1367; x_wconf 85' lang='lat' dir='ltr'>ho-</span> 
     </span>
     <span class='ocr_line' id='line_1_56' title="bbox 2409 1390 3231 1471; baseline -0.006 0"><span class='ocrx_word' id='word_1_318' title='bbox 2409 1390 2698 1471; x_wconf 89' lang='lat' dir='ltr'>minem</span> <span class='ocrx_word' id='word_1_319' title='bbox 2749 1390 2931 1469; x_wconf 79' lang='lat' dir='ltr'>esse.</span> <span class='ocrx_word' id='word_1_320' title='bbox 3228 1448 3231 1451; x_wconf 84' lang='lat'>-</span> 
     </span>
    </p>
   </div>
   <div class='ocr_carea' id='block_1_6' title="bbox 2523 1518 3853 1776">
    <p class='ocr_par' dir='ltr' id='par_1_12' title="bbox 2523 1518 3853 1776">
     <span class='ocr_line' id='line_1_57' title="bbox 2637 1518 3764 1598; baseline 0.004 -4"><span class='ocrx_word' id='word_1_321' title='bbox 2637 1531 2693 1594; x_wconf 85' lang='lat' dir='ltr'>c</span> <span class='ocrx_word' id='word_1_322' title='bbox 2773 1534 2841 1596; x_wconf 82' lang='lat' dir='ltr'>A</span> <span class='ocrx_word' id='word_1_323' title='bbox 2925 1531 2973 1594; x_wconf 82' lang='grc' dir='ltr'><strong>Ρ</strong></span> <span class='ocrx_word' id='word_1_324' title='bbox 3060 1518 3127 1598; x_wconf 78' lang='lat' dir='ltr'>u</span> <span class='ocrx_word' id='word_1_325' title='bbox 3207 1532 3268 1595; x_wconf 84' lang='lat' dir='ltr'>T</span> <span class='ocrx_word' id='word_1_326' title='bbox 3396 1530 3764 1598; x_wconf 78' lang='lat' dir='ltr'>Lxxxrv.</span> 
     </span>
     <span class='ocr_line' id='line_1_58' title="bbox 2523 1612 3853 1701; baseline -0.001 -25"><span class='ocrx_word' id='word_1_327' title='bbox 2523 1614 2700 1701; x_wconf 66' lang='lat' dir='ltr'>Quod</span> <span class='ocrx_word' id='word_1_328' title='bbox 2726 1614 3001 1677; x_wconf 74' lang='lat' dir='ltr'>voluntas</span> <span class='ocrx_word' id='word_1_329' title='bbox 3040 1616 3158 1678; x_wconf 75' lang='lat' dir='ltr'>Dei</span> <span class='ocrx_word' id='word_1_330' title='bbox 3197 1635 3304 1676; x_wconf 79' lang='lat' dir='ltr'>non</span> <span class='ocrx_word' id='word_1_331' title='bbox 3319 1612 3392 1693; x_wconf 76' lang='lat' dir='ltr'>est</span> <span class='ocrx_word' id='word_1_332' title='bbox 3432 1612 3853 1697; x_wconf 76' lang='lat' dir='ltr'>impoffibilinm</span> 
     </span>
     <span class='ocr_line' id='line_1_59' title="bbox 2972 1694 3413 1776; baseline -0.002 -18"><span class='ocrx_word' id='word_1_333' title='bbox 2972 1694 3280 1776; x_wconf 78' lang='lat' dir='ltr'>secundum</span> <span class='ocrx_word' id='word_1_334' title='bbox 3313 1697 3413 1776; x_wconf 87' lang='lat' dir='ltr'>se.</span> 
     </span>
    </p>
   </div>
   <div class='ocr_carea' id='block_1_7' title="bbox 2415 1793 4070 5257">
    <p class='ocr_par' dir='ltr' id='par_1_13' title="bbox 2415 1793 3992 3424">
     <span class='ocr_line' id='line_1_60' title="bbox 2581 1793 3985 1898; baseline 0 -20"><span class='ocrx_word' id='word_1_335' title='bbox 2581 1798 2650 1878; x_wconf 87' lang='lat' dir='ltr'>X</span> <span class='ocrx_word' id='word_1_336' title='bbox 2703 1797 2845 1877; x_wconf 90' lang='lat' dir='ltr'>hoc</span> <span class='ocrx_word' id='word_1_337' title='bbox 2899 1793 3124 1898; x_wconf 89' lang='lat' dir='ltr'>igitur</span> <span class='ocrx_word' id='word_1_338' title='bbox 3148 1811 3445 1897; x_wconf 89' lang='lat' dir='ltr'>apparet</span> <span class='ocrx_word' id='word_1_339' title='bbox 3473 1795 3671 1896; x_wconf 88' lang='lat' dir='ltr'>quod</span> <span class='ocrx_word' id='word_1_340' title='bbox 3720 1796 3985 1877; x_wconf 88' lang='lat' dir='ltr'>volun-</span> 
     </span>
     <span class='ocr_line' id='line_1_61' title="bbox 2628 1896 3983 2000; baseline 0 -21"><span class='ocrx_word' id='word_1_341' title='bbox 2628 1914 2737 1979; x_wconf 86' lang='lat' dir='ltr'>tas</span> <span class='ocrx_word' id='word_1_342' title='bbox 2790 1898 2938 1980; x_wconf 87' lang='lat' dir='ltr'>Dei</span> <span class='ocrx_word' id='word_1_343' title='bbox 3007 1923 3162 1979; x_wconf 90' lang='lat' dir='ltr'>non</span> <span class='ocrx_word' id='word_1_344' title='bbox 3229 1896 3457 2000; x_wconf 90' lang='lat' dir='ltr'>potest</span> <span class='ocrx_word' id='word_1_345' title='bbox 3530 1897 3670 1978; x_wconf 88' lang='lat' dir='ltr'>esse</span> <span class='ocrx_word' id='word_1_346' title='bbox 3722 1922 3983 1979; x_wconf 90' lang='lat' dir='ltr'>eorum</span> 
     </span>
     <span class='ocr_line' id='line_1_62' title="bbox 2415 1999 3985 2104; baseline -0.001 -22"><span class='ocrx_word' id='word_1_347' title='bbox 2415 2028 2576 2104; x_wconf 81' lang='lat' dir='ltr'>quae</span> <span class='ocrx_word' id='word_1_348' title='bbox 2633 2002 3026 2082; x_wconf 90' lang='lat' dir='ltr'>secundum</span> <span class='ocrx_word' id='word_1_349' title='bbox 3096 2001 3165 2079; x_wconf 93' lang='lat' dir='ltr'>se</span> <span class='ocrx_word' id='word_1_350' title='bbox 3238 1999 3402 2081; x_wconf 88' lang='lat' dir='ltr'>sunt</span> <span class='ocrx_word' id='word_1_351' title='bbox 3472 1999 3985 2102; x_wconf 86' lang='lat' dir='ltr'>impossibilia.</span> 
     </span>
     <span class='ocr_line' id='line_1_63' title="bbox 2533 2101 3987 2204; baseline 0.001 -24"><span class='ocrx_word' id='word_1_352' title='bbox 2533 2131 2592 2180; x_wconf 89' lang='lat'>1.</span> <span class='ocrx_word' id='word_1_353' title='bbox 2649 2101 3090 2200; x_wconf 76' lang='lat' dir='ltr'>Huiusmodi</span> <span class='ocrx_word' id='word_1_354' title='bbox 3169 2102 3372 2178; x_wconf 92' lang='lat' dir='ltr'>enim</span> <span class='ocrx_word' id='word_1_355' title='bbox 3444 2103 3608 2196; x_wconf 76' lang='lat' dir='ltr'>sunt</span> <span class='ocrx_word' id='word_1_356' title='bbox 3686 2128 3850 2204; x_wconf 82' lang='lat' dir='ltr'>quae</span> <span class='ocrx_word' id='word_1_357' title='bbox 3903 2105 3987 2182; x_wconf 90' lang='lat' dir='ltr'>in</span> 
     </span>
     <span class='ocr_line' id='line_1_64' title="bbox 2423 2201 3989 2301; baseline 0 -19"><span class='ocrx_word' id='word_1_358' title='bbox 2423 2204 2497 2282; x_wconf 92' lang='lat' dir='ltr'>se</span> <span class='ocrx_word' id='word_1_359' title='bbox 2549 2202 2712 2301; x_wconf 86' lang='lat' dir='ltr'>ipsis</span> <span class='ocrx_word' id='word_1_360' title='bbox 2761 2201 3326 2301; x_wconf 86' lang='lat' dir='ltr'>repugnantiam</span> <span class='ocrx_word' id='word_1_361' title='bbox 3356 2202 3671 2299; x_wconf 85' lang='lat' dir='ltr'>habent,</span> <span class='ocrx_word' id='word_1_362' title='bbox 3723 2224 3807 2283; x_wconf 89' lang='lat' dir='ltr'>ut</span> <span class='ocrx_word' id='word_1_363' title='bbox 3856 2206 3989 2282; x_wconf 83' lang='lat' dir='ltr'>ho·</span> 
     </span>
     <span class='ocr_line' id='line_1_65' title="bbox 2423 2300 3990 2404; baseline 0.002 -23"><span class='ocrx_word' id='word_1_364' title='bbox 2423 2304 2707 2381; x_wconf 89' lang='lat' dir='ltr'>minem</span> <span class='ocrx_word' id='word_1_365' title='bbox 2759 2304 2898 2380; x_wconf 86' lang='lat' dir='ltr'>esse</span> <span class='ocrx_word' id='word_1_366' title='bbox 2949 2300 3232 2382; x_wconf 83' lang='lat' dir='ltr'>asinum</span> <span class='ocrx_word' id='word_1_367' title='bbox 3261 2356 3290 2400; x_wconf 88' lang='lat'>‚</span> <span class='ocrx_word' id='word_1_368' title='bbox 3342 2302 3423 2383; x_wconf 90' lang='lat' dir='ltr'>in</span> <span class='ocrx_word' id='word_1_369' title='bbox 3474 2329 3625 2404; x_wconf 90' lang='lat' dir='ltr'>quo</span> <span class='ocrx_word' id='word_1_370' title='bbox 3679 2304 3990 2384; x_wconf 90' lang='lat' dir='ltr'>includi-</span> 
     </span>
     <span class='ocr_line' id='line_1_66' title="bbox 2425 2402 3988 2508; baseline -0.001 -21"><span class='ocrx_word' id='word_1_371' title='bbox 2425 2423 2544 2489; x_wconf 87' lang='lat' dir='ltr'>tur</span> <span class='ocrx_word' id='word_1_372' title='bbox 2595 2402 2963 2483; x_wconf 84' lang='lat' dir='ltr'>rationale</span> <span class='ocrx_word' id='word_1_373' title='bbox 3014 2405 3155 2482; x_wconf 81' lang='lat' dir='ltr'>effe</span> <span class='ocrx_word' id='word_1_374' title='bbox 3208 2404 3627 2485; x_wconf 82' lang='lat' dir='ltr'>irrationale</span> <span class='ocrx_word' id='word_1_375' title='bbox 3662 2463 3684 2484; x_wconf 93' lang='lat'>.</span> <span class='ocrx_word' id='word_1_376' title='bbox 3759 2407 3988 2508; x_wconf 89' lang='lat' dir='ltr'>Quod</span> 
     </span>
     <span class='ocr_line' id='line_1_67' title="bbox 2425 2504 3989 2608; baseline 0.002 -23"><span class='ocrx_word' id='word_1_377' title='bbox 2425 2524 2674 2585; x_wconf 88' lang='lat' dir='ltr'>autem</span> <span class='ocrx_word' id='word_1_378' title='bbox 2721 2521 3081 2608; x_wconf 84' lang='lat' dir='ltr'>repugnat</span> <span class='ocrx_word' id='word_1_379' title='bbox 3129 2504 3350 2586; x_wconf 89' lang='lat' dir='ltr'>alicui</span> <span class='ocrx_word' id='word_1_380' title='bbox 3382 2562 3411 2602; x_wconf 90' lang='lat'>.,</span> <span class='ocrx_word' id='word_1_381' title='bbox 3486 2508 3805 2589; x_wconf 87' lang='lat' dir='ltr'>excludit</span> <span class='ocrx_word' id='word_1_382' title='bbox 3855 2509 3989 2588; x_wconf 89' lang='lat' dir='ltr'>ali·</span> 
     </span>
     <span class='ocr_line' id='line_1_68' title="bbox 2427 2608 3992 2710; baseline 0.002 -24"><span class='ocrx_word' id='word_1_383' title='bbox 2427 2608 2604 2708; x_wconf 91' lang='lat' dir='ltr'>quid</span> <span class='ocrx_word' id='word_1_384' title='bbox 2655 2633 2916 2687; x_wconf 89' lang='lat' dir='ltr'>eorum</span> <span class='ocrx_word' id='word_1_385' title='bbox 2966 2633 3124 2710; x_wconf 83' lang='lat' dir='ltr'>quae</span> <span class='ocrx_word' id='word_1_386' title='bbox 3172 2611 3266 2687; x_wconf 90' lang='lat' dir='ltr'>ad</span> <span class='ocrx_word' id='word_1_387' title='bbox 3320 2608 3559 2710; x_wconf 90' lang='lat' dir='ltr'>ipsum</span> <span class='ocrx_word' id='word_1_388' title='bbox 3610 2612 3992 2710; x_wconf 89' lang='lat' dir='ltr'>requirun-</span> 
     </span>
     <span class='ocr_line' id='line_1_69' title="bbox 2428 2708 3992 2807; baseline 0 -17"><span class='ocrx_word' id='word_1_389' title='bbox 2428 2728 2566 2790; x_wconf 85' lang='lat' dir='ltr'>tur:</span> <span class='ocrx_word' id='word_1_390' title='bbox 2591 2708 2771 2790; x_wconf 85' lang='lat' dir='ltr'>ficut</span> <span class='ocrx_word' id='word_1_391' title='bbox 2821 2711 2960 2789; x_wconf 85' lang='lat' dir='ltr'>esse</span> <span class='ocrx_word' id='word_1_392' title='bbox 3002 2709 3327 2807; x_wconf 83' lang='lat' dir='ltr'>alinum,</span> <span class='ocrx_word' id='word_1_393' title='bbox 3379 2712 3699 2793; x_wconf 86' lang='lat' dir='ltr'>excludit</span> <span class='ocrx_word' id='word_1_394' title='bbox 3748 2712 3992 2792; x_wconf 88' lang='lat' dir='ltr'>homi-</span> 
     </span>
     <span class='ocr_line' id='line_1_70' title="bbox 2428 2811 3990 2914; baseline 0.003 -23"><span class='ocrx_word' id='word_1_395' title='bbox 2428 2813 2545 2894; x_wconf 89' lang='lat' dir='ltr'>nis</span> <span class='ocrx_word' id='word_1_396' title='bbox 2622 2811 2989 2896; x_wconf 88' lang='lat' dir='ltr'>rationem</span> <span class='ocrx_word' id='word_1_397' title='bbox 3028 2870 3047 2892; x_wconf 93' lang='lat'>.</span> <span class='ocrx_word' id='word_1_398' title='bbox 3127 2812 3205 2893; x_wconf 88' lang='lat' dir='ltr'>Si</span> <span class='ocrx_word' id='word_1_399' title='bbox 3277 2812 3502 2914; x_wconf 90' lang='lat' dir='ltr'>igitur</span> <span class='ocrx_word' id='word_1_400' title='bbox 3592 2814 3990 2896; x_wconf 77' lang='lat' dir='ltr'>necessario</span> 
     </span>
     <span class='ocr_line' id='line_1_71' title="bbox 2420 2915 3987 3019; baseline 0.002 -24"><span class='ocrx_word' id='word_1_401' title='bbox 2420 2915 2588 2996; x_wconf 78' lang='lat' dir='ltr'>vult</span> <span class='ocrx_word' id='word_1_402' title='bbox 2639 2939 2724 2993; x_wconf 84' lang='lat' dir='ltr'>ea</span> <span class='ocrx_word' id='word_1_403' title='bbox 2753 2942 2909 3019; x_wconf 81' lang='lat' dir='ltr'>quae</span> <span class='ocrx_word' id='word_1_404' title='bbox 2944 2916 3409 3016; x_wconf 88' lang='lat' dir='ltr'>requiruntur</span> <span class='ocrx_word' id='word_1_405' title='bbox 3457 2917 3548 2994; x_wconf 87' lang='lat' dir='ltr'>ad</span> <span class='ocrx_word' id='word_1_406' title='bbox 3592 2917 3731 2996; x_wconf 89' lang='lat' dir='ltr'>hoc</span> <span class='ocrx_word' id='word_1_407' title='bbox 3787 2918 3987 3017; x_wconf 91' lang='lat' dir='ltr'>quod</span> 
     </span>
     <span class='ocr_line' id='line_1_72' title="bbox 2429 3016 3982 3118; baseline 0.006 -24"><span class='ocrx_word' id='word_1_408' title='bbox 2429 3016 2852 3118; x_wconf 87' lang='lat' dir='ltr'>supponitur</span> <span class='ocrx_word' id='word_1_409' title='bbox 2878 3018 3114 3113; x_wconf 85' lang='lat' dir='ltr'>velle,</span> <span class='ocrx_word' id='word_1_410' title='bbox 3164 3018 3603 3118; x_wconf 72' lang='lat' dir='ltr'>impossibile</span> <span class='ocrx_word' id='word_1_411' title='bbox 3654 3016 3757 3097; x_wconf 90' lang='lat' dir='ltr'>est</span> <span class='ocrx_word' id='word_1_412' title='bbox 3808 3043 3982 3104; x_wconf 85' lang='lat' dir='ltr'>eum</span> 
     </span>
     <span class='ocr_line' id='line_1_73' title="bbox 2427 3118 3989 3222; baseline 0.004 -27"><span class='ocrx_word' id='word_1_413' title='bbox 2427 3119 2617 3199; x_wconf 88' lang='lat' dir='ltr'>velle</span> <span class='ocrx_word' id='word_1_414' title='bbox 2664 3141 2773 3214; x_wconf 38' lang='lat' dir='ltr'>‚ea</span> <span class='ocrx_word' id='word_1_415' title='bbox 2826 3144 2982 3222; x_wconf 74' lang='lat' dir='ltr'>quae</span> <span class='ocrx_word' id='word_1_416' title='bbox 3061 3120 3165 3198; x_wconf 89' lang='lat' dir='ltr'>eis</span> <span class='ocrx_word' id='word_1_417' title='bbox 3214 3137 3626 3221; x_wconf 85' lang='lat' dir='ltr'>repugnant</span> <span class='ocrx_word' id='word_1_418' title='bbox 3667 3148 3700 3210; x_wconf 70' lang='grc' dir='ltr'>ς·</span> <span class='ocrx_word' id='word_1_419' title='bbox 3762 3138 3837 3200; x_wconf 92' lang='lat' dir='ltr'>et</span> <span class='ocrx_word' id='word_1_420' title='bbox 3889 3118 3989 3201; x_wconf 84' lang='lat' dir='ltr'>fic</span> 
     </span>
     <span class='ocr_line' id='line_1_74' title="bbox 2433 3216 3989 3324; baseline 0.001 -26"><span class='ocrx_word' id='word_1_421' title='bbox 2433 3220 2871 3321; x_wconf 74' lang='lat' dir='ltr'>impoffibsse</span> <span class='ocrx_word' id='word_1_422' title='bbox 2923 3216 3025 3299; x_wconf 91' lang='lat' dir='ltr'>est</span> <span class='ocrx_word' id='word_1_423' title='bbox 3079 3246 3244 3298; x_wconf 90' lang='lat' dir='ltr'>eum</span> <span class='ocrx_word' id='word_1_424' title='bbox 3272 3223 3466 3302; x_wconf 86' lang='lat' dir='ltr'>velle</span> <span class='ocrx_word' id='word_1_425' title='bbox 3518 3248 3604 3303; x_wconf 89' lang='lat' dir='ltr'>ea</span> <span class='ocrx_word' id='word_1_426' title='bbox 3641 3248 3799 3324; x_wconf 80' lang='lat' dir='ltr'>quae</span> <span class='ocrx_word' id='word_1_427' title='bbox 3821 3224 3989 3316; x_wconf 76' lang='lat' dir='ltr'>sunt·</span> 
     </span>
     <span class='ocr_line' id='line_1_75' title="bbox 2428 3322 3419 3424; baseline 0 -22"><span class='ocrx_word' id='word_1_428' title='bbox 2428 3322 2894 3424; x_wconf 72' lang='lat' dir='ltr'>impossibilia</span> <span class='ocrx_word' id='word_1_429' title='bbox 2938 3323 3376 3424; x_wconf 85' lang='lat' dir='ltr'>simpliciter</span> <span class='ocrx_word' id='word_1_430' title='bbox 3401 3383 3419 3402; x_wconf 91' lang='lat'>.</span> 
     </span>
    </p>

    <p class='ocr_par' dir='ltr' id='par_1_14' title="bbox 2419 3426 4070 5232">
     <span class='ocr_line' id='line_1_76' title="bbox 2528 3426 3986 3530; baseline 0.001 -28"><span class='ocrx_word' id='word_1_431' title='bbox 2528 3452 2595 3502; x_wconf 85' lang='lat'>2.</span> <span class='ocrx_word' id='word_1_432' title='bbox 2652 3431 2879 3505; x_wconf 88' lang='lat' dir='ltr'>Item.</span> <span class='ocrx_word' id='word_1_433' title='bbox 2934 3428 3138 3508; x_wconf 87' lang='lat' dir='ltr'>Sicut</span> <span class='ocrx_word' id='word_1_434' title='bbox 3189 3427 3396 3530; x_wconf 89' lang='lat' dir='ltr'>supra</span> <span class='ocrx_word' id='word_1_435' title='bbox 3446 3426 3476 3523; x_wconf 90' lang='lat'><strong>(</strong></span> <span class='ocrx_word' id='word_1_436' title='bbox 3525 3452 3679 3525; x_wconf 92' lang='lat' dir='ltr'>cap.</span> <span class='ocrx_word' id='word_1_437' title='bbox 3706 3426 3899 3506; x_wconf 81' lang='lat' dir='ltr'>lxxv.</span> <span class='ocrx_word' id='word_1_438' title='bbox 3951 3426 3986 3523; x_wconf 84' lang='lat'><strong>)</strong></span> 
     </span>
     <span class='ocr_line' id='line_1_77' title="bbox 2422 3526 3984 3609; baseline -0.002 -5"><span class='ocrx_word' id='word_1_439' title='bbox 2422 3526 2781 3609; x_wconf 89' lang='lat' dir='ltr'>ostensum</span> <span class='ocrx_word' id='word_1_440' title='bbox 2859 3527 2961 3606; x_wconf 89' lang='lat' dir='ltr'>est</span> <span class='ocrx_word' id='word_1_441' title='bbox 2994 3585 3015 3605; x_wconf 99' lang='lat'>.</span> <span class='ocrx_word' id='word_1_442' title='bbox 3089 3534 3289 3608; x_wconf 90' lang='lat' dir='ltr'>Deus</span> <span class='ocrx_word' id='word_1_443' title='bbox 3376 3528 3701 3606; x_wconf 81' lang='lat' dir='ltr'>volendo</span> <span class='ocrx_word' id='word_1_444' title='bbox 3771 3527 3984 3603; x_wconf 88' lang='lat' dir='ltr'>suum</span> 
     </span>
     <span class='ocr_line' id='line_1_78' title="bbox 2419 3623 3982 3727; baseline -0.001 -23"><span class='ocrx_word' id='word_1_445' title='bbox 2419 3629 2603 3724; x_wconf 83' lang='lat' dir='ltr'>esse,</span> <span class='ocrx_word' id='word_1_446' title='bbox 2655 3632 2851 3727; x_wconf 92' lang='lat' dir='ltr'>quod</span> <span class='ocrx_word' id='word_1_447' title='bbox 2901 3626 3005 3707; x_wconf 88' lang='lat' dir='ltr'>est</span> <span class='ocrx_word' id='word_1_448' title='bbox 3058 3629 3179 3707; x_wconf 89' lang='lat' dir='ltr'>sua</span> <span class='ocrx_word' id='word_1_449' title='bbox 3231 3628 3558 3720; x_wconf 79' lang='lat' dir='ltr'>bonitas,</span> <span class='ocrx_word' id='word_1_450' title='bbox 3612 3623 3771 3704; x_wconf 88' lang='lat' dir='ltr'>vult</span> <span class='ocrx_word' id='word_1_451' title='bbox 3820 3650 3982 3703; x_wconf 90' lang='lat' dir='ltr'>om-</span> 
     </span>
     <span class='ocr_line' id='line_1_79' title="bbox 2421 3725 3980 3828; baseline 0.002 -23"><span class='ocrx_word' id='word_1_452' title='bbox 2421 3728 2545 3806; x_wconf 87' lang='lat' dir='ltr'>nia</span> <span class='ocrx_word' id='word_1_453' title='bbox 2596 3730 2738 3806; x_wconf 81' lang='lat' dir='ltr'>alia</span> <span class='ocrx_word' id='word_1_454' title='bbox 2773 3732 3211 3828; x_wconf 88' lang='lat' dir='ltr'>inquantum</span> <span class='ocrx_word' id='word_1_455' title='bbox 3242 3730 3557 3807; x_wconf 87' lang='lat' dir='ltr'>habeant</span> <span class='ocrx_word' id='word_1_456' title='bbox 3593 3725 3747 3821; x_wconf 79' lang='lat' dir='ltr'>ejus</span> <span class='ocrx_word' id='word_1_457' title='bbox 3788 3725 3980 3808; x_wconf 81' lang='lat' dir='ltr'>fimi·</span> 
     </span>
     <span class='ocr_line' id='line_1_80' title="bbox 2421 3827 3982 3908; baseline 0.002 -4"><span class='ocrx_word' id='word_1_458' title='bbox 2421 3828 2844 3906; x_wconf 89' lang='lat' dir='ltr'>litudinem.</span> <span class='ocrx_word' id='word_1_459' title='bbox 2898 3827 3311 3908; x_wconf 89' lang='lat' dir='ltr'>Secundum</span> <span class='ocrx_word' id='word_1_460' title='bbox 3364 3830 3503 3908; x_wconf 82' lang='lat' dir='ltr'>hoc</span> <span class='ocrx_word' id='word_1_461' title='bbox 3553 3845 3803 3907; x_wconf 90' lang='lat' dir='ltr'>autem</span> <span class='ocrx_word' id='word_1_462' title='bbox 3852 3828 3982 3907; x_wconf 88' lang='lat' dir='ltr'>ali·</span> 
     </span>
     <span class='ocr_line' id='line_1_81' title="bbox 2424 3929 3980 4031; baseline 0.001 -25"><span class='ocrx_word' id='word_1_463' title='bbox 2424 3929 2604 4029; x_wconf 91' lang='lat' dir='ltr'>quid</span> <span class='ocrx_word' id='word_1_464' title='bbox 2654 3946 3012 4031; x_wconf 87' lang='lat' dir='ltr'>repugnat</span> <span class='ocrx_word' id='word_1_465' title='bbox 3062 3930 3330 4008; x_wconf 86' lang='lat' dir='ltr'>rationi</span> <span class='ocrx_word' id='word_1_466' title='bbox 3382 3931 3617 4022; x_wconf 76' lang='lat' dir='ltr'>entis.,</span> <span class='ocrx_word' id='word_1_467' title='bbox 3670 3930 3980 4031; x_wconf 86' lang='lat' dir='ltr'>inquan-</span> 
     </span>
     <span class='ocr_line' id='line_1_82' title="bbox 2419 4030 3975 4132; baseline 0.001 -24"><span class='ocrx_word' id='word_1_468' title='bbox 2419 4047 2581 4109; x_wconf 90' lang='lat' dir='ltr'>tum</span> <span class='ocrx_word' id='word_1_469' title='bbox 2635 4056 2785 4109; x_wconf 88' lang='lat' dir='ltr'>non</span> <span class='ocrx_word' id='word_1_470' title='bbox 2837 4030 3067 4132; x_wconf 88' lang='lat' dir='ltr'>potest</span> <span class='ocrx_word' id='word_1_471' title='bbox 3139 4032 3219 4110; x_wconf 90' lang='lat' dir='ltr'>in</span> <span class='ocrx_word' id='word_1_472' title='bbox 3271 4057 3363 4112; x_wconf 89' lang='lat' dir='ltr'>eo</span> <span class='ocrx_word' id='word_1_473' title='bbox 3414 4032 3682 4111; x_wconf 87' lang='lat' dir='ltr'>servari</span> <span class='ocrx_word' id='word_1_474' title='bbox 3737 4031 3975 4128; x_wconf 83' lang='lat' dir='ltr'>huius·</span> 
     </span>
     <span class='ocr_line' id='line_1_83' title="bbox 2419 4132 3981 4234; baseline 0.001 -22"><span class='ocrx_word' id='word_1_475' title='bbox 2419 4132 2627 4213; x_wconf 91' lang='lat' dir='ltr'>modi</span> <span class='ocrx_word' id='word_1_476' title='bbox 2679 4132 3076 4212; x_wconf 80' lang='lat' dir='ltr'>similitudo</span> <span class='ocrx_word' id='word_1_477' title='bbox 3152 4133 3377 4234; x_wconf 87' lang='lat' dir='ltr'>primi</span> <span class='ocrx_word' id='word_1_478' title='bbox 3430 4136 3568 4212; x_wconf 90' lang='lat' dir='ltr'>esse</span> <span class='ocrx_word' id='word_1_479' title='bbox 3611 4189 3638 4229; x_wconf 91' lang='lat'>‚</span> <span class='ocrx_word' id='word_1_480' title='bbox 3703 4135 3981 4215; x_wconf 90' lang='lat' dir='ltr'>scilicet</span> 
     </span>
     <span class='ocr_line' id='line_1_84' title="bbox 2419 4233 4070 4336; baseline 0.001 -23"><span class='ocrx_word' id='word_1_481' title='bbox 2419 4233 2657 4314; x_wconf 87' lang='lat' dir='ltr'>divini</span> <span class='ocrx_word' id='word_1_482' title='bbox 2702 4290 2729 4329; x_wconf 91' lang='lat'>.‚</span> <span class='ocrx_word' id='word_1_483' title='bbox 2778 4237 2976 4336; x_wconf 89' lang='lat' dir='ltr'>quod</span> <span class='ocrx_word' id='word_1_484' title='bbox 3026 4234 3124 4316; x_wconf 86' lang='lat' dir='ltr'>est</span> <span class='ocrx_word' id='word_1_485' title='bbox 3177 4233 3338 4314; x_wconf 89' lang='lat' dir='ltr'>fons</span> <span class='ocrx_word' id='word_1_486' title='bbox 3390 4235 3715 4315; x_wconf 80' lang='lat' dir='ltr'>essendi.</span> <span class='ocrx_word' id='word_1_487' title='bbox 3796 4241 3982 4316; x_wconf 91' lang='lat' dir='ltr'>Non</span> <span class='ocrx_word' id='word_1_488' title='bbox 4044 4245 4070 4252; x_wconf 79' lang='grc'><em>“</em></span> 
     </span>
     <span class='ocr_line' id='line_1_85' title="bbox 2422 4336 3983 4440; baseline 0.004 -26"><span class='ocrx_word' id='word_1_489' title='bbox 2422 4336 2649 4437; x_wconf 89' lang='lat' dir='ltr'>potest</span> <span class='ocrx_word' id='word_1_490' title='bbox 2704 4337 2930 4437; x_wconf 90' lang='lat' dir='ltr'>igitur</span> <span class='ocrx_word' id='word_1_491' title='bbox 2987 4342 3185 4419; x_wconf 91' lang='lat' dir='ltr'>Deus</span> <span class='ocrx_word' id='word_1_492' title='bbox 3237 4336 3424 4416; x_wconf 86' lang='lat' dir='ltr'>velle</span> <span class='ocrx_word' id='word_1_493' title='bbox 3455 4338 3733 4439; x_wconf 89' lang='lat' dir='ltr'>aliquid</span> <span class='ocrx_word' id='word_1_494' title='bbox 3784 4341 3983 4440; x_wconf 91' lang='lat' dir='ltr'>quod</span> 
     </span>
     <span class='ocr_line' id='line_1_86' title="bbox 2421 4438 3983 4540; baseline 0.004 -26"><span class='ocrx_word' id='word_1_495' title='bbox 2421 4457 2779 4538; x_wconf 86' lang='lat' dir='ltr'>repugnat</span> <span class='ocrx_word' id='word_1_496' title='bbox 2828 4438 3098 4519; x_wconf 86' lang='lat' dir='ltr'>rationi</span> <span class='ocrx_word' id='word_1_497' title='bbox 3148 4439 3342 4520; x_wconf 85' lang='lat' dir='ltr'>entis</span> <span class='ocrx_word' id='word_1_498' title='bbox 3396 4440 3836 4540; x_wconf 88' lang='lat' dir='ltr'>inquantum</span> <span class='ocrx_word' id='word_1_499' title='bbox 3853 4443 3983 4521; x_wconf 86' lang='lat' dir='ltr'>hu·</span> 
     </span>
     <span class='ocr_line' id='line_1_87' title="bbox 2424 4538 3986 4639; baseline 0.003 -22"><span class='ocrx_word' id='word_1_500' title='bbox 2424 4538 2790 4639; x_wconf 83' lang='lat' dir='ltr'>jusmodi.</span> <span class='ocrx_word' id='word_1_501' title='bbox 2866 4542 3069 4622; x_wconf 91' lang='lat' dir='ltr'>Sicut</span> <span class='ocrx_word' id='word_1_502' title='bbox 3121 4560 3369 4623; x_wconf 88' lang='lat' dir='ltr'>autern</span> <span class='ocrx_word' id='word_1_503' title='bbox 3424 4543 3714 4626; x_wconf 75' lang='lat' dir='ltr'>rationi.</span> <span class='ocrx_word' id='word_1_504' title='bbox 3744 4542 3986 4624; x_wconf 87' lang='lat' dir='ltr'>horni-</span> 
     </span>
     <span class='ocr_line' id='line_1_88' title="bbox 2433 4643 3989 4746; baseline 0.002 -27"><span class='ocrx_word' id='word_1_505' title='bbox 2433 4643 2592 4739; x_wconf 78' lang='lat' dir='ltr'>nis,</span> <span class='ocrx_word' id='word_1_506' title='bbox 2644 4643 3080 4744; x_wconf 89' lang='lat' dir='ltr'>inquantum</span> <span class='ocrx_word' id='word_1_507' title='bbox 3132 4644 3232 4726; x_wconf 86' lang='lat' dir='ltr'>est</span> <span class='ocrx_word' id='word_1_508' title='bbox 3284 4647 3515 4726; x_wconf 86' lang='lat' dir='ltr'>homo</span> <span class='ocrx_word' id='word_1_509' title='bbox 3555 4700 3581 4741; x_wconf 90' lang='lat'>,</span> <span class='ocrx_word' id='word_1_510' title='bbox 3631 4660 3989 4746; x_wconf 88' lang='lat' dir='ltr'>repugnat</span> 
     </span>
     <span class='ocr_line' id='line_1_89' title="bbox 2433 4743 3986 4845; baseline 0.003 -25"><span class='ocrx_word' id='word_1_511' title='bbox 2433 4745 2570 4822; x_wconf 81' lang='lat' dir='ltr'>effe</span> <span class='ocrx_word' id='word_1_512' title='bbox 2622 4743 3082 4842; x_wconf 87' lang='lat' dir='ltr'>irrationale,</span> <span class='ocrx_word' id='word_1_513' title='bbox 3134 4748 3239 4827; x_wconf 88' lang='lat' dir='ltr'>ita</span> <span class='ocrx_word' id='word_1_514' title='bbox 3289 4747 3557 4827; x_wconf 82' lang='lat' dir='ltr'>rationi</span> <span class='ocrx_word' id='word_1_515' title='bbox 3590 4749 3826 4845; x_wconf 88' lang='lat' dir='ltr'>entis,</span> <span class='ocrx_word' id='word_1_516' title='bbox 3877 4748 3986 4825; x_wconf 89' lang='lat' dir='ltr'>in-</span> 
     </span>
     <span class='ocr_line' id='line_1_90' title="bbox 2431 4845 3991 4951; baseline 0.003 -29"><span class='ocrx_word' id='word_1_517' title='bbox 2431 4865 2784 4947; x_wconf 90' lang='lat' dir='ltr'>quantum</span> <span class='ocrx_word' id='word_1_518' title='bbox 2841 4847 3249 4942; x_wconf 74' lang='lat' dir='ltr'>hujusmodi</span> <span class='ocrx_word' id='word_1_519' title='bbox 3285 4903 3314 4944; x_wconf 87' lang='lat'><strong>‚</strong></span> <span class='ocrx_word' id='word_1_520' title='bbox 3383 4869 3739 4951; x_wconf 87' lang='lat' dir='ltr'>repugnat</span> <span class='ocrx_word' id='word_1_521' title='bbox 3791 4845 3991 4951; x_wconf 83' lang='lat' dir='ltr'>quod</span> 
     </span>
     <span class='ocr_line' id='line_1_91' title="bbox 2431 4947 4053 5049; baseline -0.003 -21"><span class='ocrx_word' id='word_1_522' title='bbox 2431 4947 2712 5049; x_wconf 88' lang='lat' dir='ltr'>aliquid</span> <span class='ocrx_word' id='word_1_523' title='bbox 2792 4947 2876 5028; x_wconf 86' lang='lat' dir='ltr'>fit</span> <span class='ocrx_word' id='word_1_524' title='bbox 2924 4951 3146 5031; x_wconf 88' lang='lat' dir='ltr'>simul</span> <span class='ocrx_word' id='word_1_525' title='bbox 3199 4977 3326 5030; x_wconf 89' lang='lat' dir='ltr'>ens</span> <span class='ocrx_word' id='word_1_526' title='bbox 3362 5006 3391 5048; x_wconf 89' lang='lat'>,</span> <span class='ocrx_word' id='word_1_527' title='bbox 3464 4969 3540 5029; x_wconf 91' lang='lat' dir='ltr'>et</span> <span class='ocrx_word' id='word_1_528' title='bbox 3610 4978 3756 5030; x_wconf 89' lang='lat' dir='ltr'>non</span> <span class='ocrx_word' id='word_1_529' title='bbox 3810 4974 3986 5027; x_wconf 87' lang='lat' dir='ltr'>ens.</span> <span class='ocrx_word' id='word_1_530' title='bbox 4042 4963 4053 4976; x_wconf 85' lang='lat'><strong>·</strong></span> 
     </span>
     <span class='ocr_line' id='line_1_92' title="bbox 2429 5050 4064 5232; baseline -0.002 -98"><span class='ocrx_word' id='word_1_531' title='bbox 2429 5053 2617 5136; x_wconf 83' lang='lat' dir='ltr'>Non</span> <span class='ocrx_word' id='word_1_532' title='bbox 2665 5051 2897 5155; x_wconf 90' lang='lat' dir='ltr'>potest</span> <span class='ocrx_word' id='word_1_533' title='bbox 2933 5053 3163 5156; x_wconf 79' lang='lat' dir='ltr'>igitur</span> <span class='ocrx_word' id='word_1_534' title='bbox 3214 5059 3417 5136; x_wconf 89' lang='lat' dir='ltr'>Deus</span> <span class='ocrx_word' id='word_1_535' title='bbox 3468 5051 3660 5136; x_wconf 84' lang='lat' dir='ltr'>velle</span> <span class='ocrx_word' id='word_1_536' title='bbox 3709 5050 4064 5232; x_wconf 80' lang='lat' dir='ltr'>aliquidd</span> 
     </span>
    </p>

    <p class='ocr_par' dir='ltr' id='par_1_15' title="bbox 3860 5179 4009 5257">
     <span class='ocr_line' id='line_1_93' title="bbox 3860 5179 4009 5257; baseline -0.013 -22"><span class='ocrx_word' id='word_1_537' title='bbox 3860 5179 4009 5257; x_wconf 86' lang='lat' dir='ltr'>quo</span> 
     </span>
    </p>
   </div>
  </div>
 </body>
</html>
