4597 5696
1315 396 1901 482 CONTRA
1991 398 2741 469 GEN‘rrtns
2828 400 3256 471 L113.,11.
3799 419 3906 467 μ’

679 516 1076 619 aliquando
1121 570 1147 591 .
1201 512 1513 612 Aliquid
1572 538 1750 591 vero
1819 511 2243 590 denomina-

672 635 794 697 tur
845 622 939 697 ab
991 644 1082 696 eo
1127 617 1329 717 quod
1384 612 1563 693 inest
1595 670 1621 710 ‚
1675 614 1853 694 ficut
1907 612 2002 688 ab
2051 612 2242 692 albe-

575 722 584 731 '
674 723 848 811 dine
900 720 1142 798 albus.
1202 722 1267 797 A
1327 717 1688 795 relatione
1739 738 1919 795 vero
1955 738 2107 792 non
2135 716 2242 792 in-

673 824 971 902 venitur
1021 819 1302 919 aliquid
1353 814 1820 898 denominari
1868 813 2064 915 quasi
2101 842 2242 895 ‚ex-

675 924 905 1006 terius
959 920 1351 1015 existente,
1406 922 1526 999 sed
1580 919 1973 1023 inbaerente
2017 946 2032 988 :
2091 944 2241 997 non

674 1026 885 1105 enim
939 1022 1459 1102 denominatur
1510 1022 1772 1121 aliquis
1850 1034 2055 1118 pater
2107 1020 2241 1097 nisi

551 1177 564 1187 —
675 1155 724 1205 a
776 1126 1214 1226 paternitate
1267 1150 1427 1223 quae
1482 1125 1553 1203 ei
1606 1121 1786 1201 inest
1822 1178 1840 1198 .
1876 1124 2061 1199 Non
2113 1121 2249 1221 igi-

684 1247 803 1308 tur
857 1226 1085 1328 potest
1140 1229 1278 1304 esse
1329 1229 1528 1327 quod
1578 1225 1966 1303 relationes
1982 1223 2248 1324 quibus

665 1336 891 1410 -Deus
943 1331 1033 1407 ad
1086 1349 1445 1408 creaturas
1496 1327 1805 1407 refertur
1843 1379 1871 1420 ,
1945 1323 2086 1403 sint
2136 1352 2247 1406 res

676 1432 938 1533 aliquae
1025 1447 1226 1510 extra
1305 1432 1543 1530 ipsum
1579 1488 1602 1507 .
1673 1433 1932 1528 Quum
2019 1427 2247 1527 igitur

678 1533 1042 1613 ostensum
1097 1533 1181 1611 fit
1233 1533 1447 1631 (cap.
1485 1530 1827 1633 praeced.)
1879 1533 2246 1628 quodnon

678 1635 819 1714 sint
870 1635 953 1713 in
1007 1635 1162 1734 ipso
1213 1635 1544 1729 realiter,
1598 1651 1673 1710 et
1724 1653 1976 1711 tamen
1999 1634 2246 1713 dicun-
2338 1700 2347 1705 ,

676 1754 798 1819 tur
848 1739 937 1814 de
991 1741 1199 1826 Deo,
1251 1735 1688 1836 relinquitur
1738 1731 1938 1835 quod
2014 1736 2087 1812 ei
2139 1751 2246 1816 at-

669 1839 1095 1918 tribuantur
1146 1839 1541 1918 secundum
1565 1837 1800 1916 solum
1829 1835 2244 1936 intelligen-

667 1941 799 2019 rtiae
849 1941 1161 2020 modum
1191 1994 1219 2034 ,
1291 1965 1381 2018 ex
1436 1964 1527 2017 eo
1604 1939 1804 2039 quod
1873 1933 2019 2016 alia
2070 1936 2249 2015 refe-

680 2060 941 2121 runtur
1012 2041 1103 2120 ad
1184 2040 1424 2141 ipsum
1476 2100 1494 2120 .
1566 2037 1988 2119 Intellefiius
2041 2040 2246 2129 enim

665 2143 919 2224 ¹noster
970 2143 1457 2242 intelligendo
1503 2140 1785 2241 aliquid
1853 2141 2104 2220 referri
2156 2144 2250 2221 ad

675 2244 1035 2338 alterum,
1086 2243 1555 2344 cointelligit
1592 2241 2029 2321 relationem
2047 2242 2246 2323 illius

677 2347 769 2423 ad
840 2346 1078 2446 ipsum
1117 2401 1142 2443 ,
1216 2347 1555 2447 quamvis
1623 2344 2018 2424 secundum
2087 2370 2247 2424 rem

677 2451 1122 2549 quandoque
1171 2474 1335 2540 non,
1376 2445 1726 2526 referatur
1776 2503 1795 2523 .

785 2554 888 2629 Et
939 2550 1033 2628 fic
1087 2551 1317 2628 etiam
1373 2567 1573 2649 patet
1623 2551 1819 2648 quod
1885 2548 2037 2630 alio
2086 2577 2242 2631 mo-

673 2652 774 2731 do
824 2652 1163 2731 dicuntur
1231 2654 1326 2730 de
1394 2658 1561 2733 Deo
1635 2650 1990 2752 praedifiae
2066 2653 2241 2732 rela-

676 2754 957 2846 tiones,
1011 2771 1085 2832 et
1138 2753 1281 2829 alia
1333 2780 1489 2854 quae
1544 2755 1632 2830 de
1669 2757 1832 2831 Deo
1853 2755 2241 2854 praedican-

676 2868 837 2930 tur:
870 2880 1045 2931 nam
1097 2855 1350 2932 omnia
1402 2854 1605 2949 alia,
1650 2870 1733 2931 ut
1808 2855 2161 2954 sapientia
2212 2907 2239 2948 ,

679 2952 1074 3050 voluntas,
1139 2953 1290 3051 ejus
1349 2955 1726 3034 essentiam
1775 2956 2166 3057 praedicant
2216 2980 2242 3048 τ,

673 3054 1065 3134 relationes
1157 3082 1333 3136 vero
1411 3057 1761 3158 praedfflae
1843 3057 2162 3138 minime
2214 3113 2241 3154 ,

677 3158 799 3235 sed
898 3157 1287 3236 secundum
1378 3163 1682 3239 modum
1774 3161 2238 3261 intelligendi

677 3274 973 3338 tantum
1022 3316 1038 3335 .
1114 3263 1280 3339 Nec
1358 3279 1604 3340 tamen
1673 3263 2088 3342 intelleslus
2139 3263 2238 3341 est

677 3359 955 3437 falsus:
1015 3385 1103 3438 ex
1159 3361 1298 3440 hoc
1368 3363 1570 3439 enim
1640 3364 1798 3470 ipso
1863 3364 2058 3462 quod
2130 3365 2238 3443 in-

676 3458 1012 3540 telleRus
1051 3463 1287 3542 noster
1319 3463 1675 3563 intelligit
1726 3464 2114 3543 relationes
2133 3466 2238 3544 di-

677 3562 1030 3646 vinorum
1083 3565 1477 3645 effenuum
1502 3567 1880 3646 terminari
1899 3566 1978 3644 in
1998 3566 2233 3664 ipsum

672 3668 931 3743 Deum
967 3721 993 3761 ,
1067 3668 1313 3768 aliqua
1385 3669 1720 3766 praedicat
1790 3667 2095 3747 relative
2119 3665 2239 3747 'de

672 3766 877 3866 ipso,
932 3766 1107 3848 ficut
1158 3790 1234 3850 et
1283 3769 1535 3851 scibile
1588 3769 1890 3849 relative
1970 3769 2233 3856 intelli·

677 3869 983 3966 gimuS,
1029 3889 1101 3949 et
1156 3870 1645 3971 significamus
1713 3898 1804 3951 ex
1853 3872 1994 3953 hoc
2045 3875 2248 3974 quod

684 3969 994 4049 scientia
1047 3971 1351 4053 refertur
1401 3975 1493 4052 ad
1544 3973 1782 4074 ipsum
1812 4033 1832 4052 .

963 4087 1016 4148 C
1104 4091 1163 4151 A
1253 4088 1298 4149 P
1386 4091 1442 4152 U
1531 4094 1592 4154 T
1756 4096 1940 4160 XIV.

671 4169 854 4255 Quod
894 4169 1103 4232 malm
1144 4169 1433 4230 relationes
1472 4171 1590 4235 dici
1629 4175 1701 4236 de
1741 4179 1892 4256 Deo,
1936 4200 2044 4240 non
2085 4177 2240 4242 dew-

697 4327 712 4334 Ἴ
1085 4268 1189 4330 gat
1229 4251 1352 4329 ejus
1384 4250 1745 4336 fimplice'tatt'
1774 4298 1791 4316 .

677 4397 680 4400 ·
841 4374 1020 4448 Atet
1068 4369 1292 4449 etiarn
1345 4396 1437 4450 ex
1511 4374 1629 4456 his
1694 4382 1894 4479 quod
1964 4381 2237 4464 divinae

779 4495 788 4506 ’
884 4469 1331 4585 simplicitati
1385 4501 1536 4554 non
1572 4481 1870 4580 derogat
1897 4538 1923 4578 ‚
1976 4481 2025 4559 si
2050 4487 2237 4563 mul-

675 4589 771 4652 tae
825 4571 1209 4651 relationes
1262 4576 1520 4675 dei-pso
1552 4580 1948 4677 dicuntur,
1982 4608 2235 4682 quam-

677 4667 799 4752 vis
851 4675 1004 4774 ejus
1072 4673 1453 4755 effentiam
1530 4706 1678 4759 non
1757 4681 2166 4783 significent
2216 4743 2244 4785 ,

682 4776 868 4875 quia
919 4769 1312 4876 sequuntur
1365 4779 1829 4878 intelligendi
1898 4790 2246 4868 modurn.

680 4877 915 4958 Nihil
969 4879 1170 4956 enim
1224 4881 1564 4979 prohibet
1615 4884 2073 4968 intelleRum
2119 4920 2242 4972 no-

629 5039 634 5048 ·
682 4976 915 5066 strum
963 4981 1510 5086 intelligentem
1561 4988 1839 5090 multa,
1888 4992 2243 5097 multipli-

2308 612 2661 727 ‚plex,ut
2717 609 2808 689 fic
2866 610 3102 710 ipsum

2346 4995 2644 5098 aliquod
2694 5002 2996 5088 tertium
3047 5000 3132 5082 fit
3181 5003 3392 5085 causa
3442 5002 3773 5102 utrique,
3825 4995 3913 5073 fi-

2349 510 2531 589 citer
2584 505 2831 587 reserri
2883 510 2976 586 ad
3029 509 3102 586 id
3156 511 3352 687 quod
3408 510 3609 590 estin
3663 515 3732 593 se
3758 516 3921 597 fim-

3188 612 3615 709 1mplexsub
3670 621 3920 699 multi.

2350 714 2527 814 plici
2582 711 2937 791 relatione
2989 711 3389 793 confideret
3436 742 3457 791 ε
3513 731 3589 791 et
3638 740 3918 816 quanto

2347 815 2628 930 aliquid
2683 812 2782 891 est
2845 815 3083 914 magis
3136 815 3487 916 simplex,
3544 836 3747 898 tanto
3817 825 3921 907 est

2348 941 2655 1014 majorls
2707 916 3001 996 virtutis
3036 970 3062 1013 ,
3139 934 3215 998 et
3265 919 3710 1019 principium
3763 922 3925 1021 plna,

2346 1021 2587 1114 rium,
2640 1043 2724 1098 ac
2765 1044 2895 1119 per
2914 1020 3056 1098 hoc
3074 1019 3557 1120 multiplicius
3601 1022 3921 1119 relatum

2357 1121 2832 1219 intelligitur:
2858 1119 3036 1201 ficut
3061 1119 3418 1224 punCtum
3464 1123 3786 1222 plurium
3812 1127 3918 1206 est

2352 1223 2802 1324 principium
2832 1249 3058 1325 quam
3076 1225 3299 1322 linea,
3316 1244 3390 1305 et
3440 1224 3636 1319 linea
3686 1252 3917 1325 quam

2351 1325 2766 1427 superficies
2799 1384 2819 1403 .
2896 1330 3069 1405 Hoc
3122 1326 3350 1426 igitur
3400 1330 3601 1428 quod·
3680 1331 3920 1410 multa

2347 1428 2654 1508 relative
2670 1428 2761 1506 de
2789 1433 2956 1508 Deo
2975 1427 3369 1527 dicuntur,
3412 1428 3565 1527 ejus
3616 1429 3919 1515 summae

2350 1529 2802 1634 simplicitati
2845 1529 3225 1612 attestatur
3269 1590 3289 1609 .
3682 1588 3689 1599 .

2663 1683 3298 1748 cAPu‘r
3454 1689 3713 1769 xv.-

2509 1816 2688 1899 ,Quod
2724 1816 2914 1877 omnia
2953 1839 3077 1898 que
3104 1814 3279 1894 sient,
3321 1836 3359 1875 a
3397 1818 3518 1877 Deo
3547 1816 3691 1896 sunt
3730 1856 3756 1879 0
3903 1769 3917 1819 ὅ

2462 1939 2524 1999 1.
2562 1939 2727 2001 Part.
2771 1936 2954 2019 quaest.
2999 1936 3170 1999 xliv.
3212 1956 3333 2024 m,
3374 1956 3433 1997 ιι
3473 1936 3550 2001 <9¹
3594 1934 3662 1999 de
3690 1940 3839 2023 poti

2838 2016 3023 2100 quast.
3072 2037 3200 2081 ιιι.
3244 2038 3356 2081 art.
3400 2034 3454 2099 5.
3523 2098 3530 2109 ι

2554 2138 2708 2219 Uia
2756 2165 2937 2220 vero
2987 2138 3351 2221 ostensum
3369 2139 3468 2218 est
3487 2143 3684 2256 quod
3709 2147 3916 2241 Deus

2602 2240 2702 2319 est
2726 2241 3093 2343 aliquibus
3123 2242 3390 2320 essendi
3425 2244 3912 2344 principium,

2607 2361 2897 2443 oportet
2948 2343 3262 2424 ulterius
3301 2341 3673 2441 ostendere
3714 2343 3921 2444 quod

2347 2441 2849 2546 nihil'praeter
2901 2446 3139 2547 ipsum
3191 2444 3291 2525 est
3342 2445 3476 2524 nisi
3547 2448 3640 2524 ab
3717 2445 3916 2546 ipso.

2462 2573 2521 2622 1.
2578 2550 2830 2659 Omne
2883 2549 3087 2626 enim
3139 2549 3348 2647 quod«
3389 2546 3611 2625 alicui
3643 2555 3912 2627 con've-

2343 2645 2459 2725 nit
2508 2673 2659 2726 non
2714 2648 3105 2727 secundum
3173 2648 3373 2748 quod
3437 2645 3685 2744 ipsum
3729 2647 3830 2724 est
3880 2703 3919 2744 ,

2345 2771 2474 2846 per
2524 2748 2852 2847 aliquam
2904 2749 3209 2828 causam
3247 2747 3601 2827 convenit
3649 2749 3773 2847 ei,
3826 2746 3916 2827 fi-

2343 2863 2469 2927 cut
2519 2851 2774 2929 album
2826 2850 3182 2929 homini:
3239 2876 3421 2929 nam
3495 2853 3694 2951 quod
3745 2876 3915 2931 cau-

2309 2949 2492 3052 sam
2546 2977 2698 3031 non
2770 2952 2991 3033 habet
3032 3008 3058 3048 ,
3125 2953 3450 3054 primum
3519 2970 3594 3032 et
3647 2953 3913 3033 imme-

2342 3052 2625 3133 diatum
2677 3055 2824 3153 est,
2870 3057 3066 3135 unde
3119 3058 3396 3135 neceffe
3436 3054 3536 3136 est
3588 3059 3786 3157 quod
3818 3055 3913 3137 fit

2343 3180 2473 3256 per
2524 3159 2595 3236 se
2630 3212 2665 3252 ,
2731 3178 2807 3241 et
2879 3158 3271 3239 secundum
3346 3161 3546 3260 quod
3595 3159 3836 3260 ipsum
3885 3215 3913 3238 .

2346 3260 2794 3357 Impossibile
2847 3262 2944 3340 est
2996 3278 3245 3341 autern
3295 3262 3596 3358 aliquod
3663 3286 3906 3341 unum

2341 3361 2621 3440 duobus
2674 3364 3114 3457 convenire,
3167 3381 3250 3441 et
3311 3364 3607 3462 utrique
3658 3365 3907 3440 secun·

2341 3460 2516 3538 dum
2568 3465 2765 3561 quod
2800 3464 3045 3563 ipsum
3075 3491 3106 3538 .·
3161 3465 3359 3561 quod
3411 3464 3614 3540 enim
3639 3464 3728 3542 de
3773 3462 3908 3542 ali-

2337 3587 2491 3661 quo
2541 3563 2931 3644 secundum
2980 3565 3180 3665 quod
3252 3564 3488 3665 ipsum
3558 3565 3823 3646 dicitur
3872 3619 3911 3663 ,

2340 3663 2580 3766 ipsum
2635 3694 2783 3746 non
2836 3668 3167 3755 excedit3
3220 3665 3400 3745 ficut
3450 3666 3715 3744 habere
3752 3683 3905 3748 tres

2337 3770 2649 3868 angulos
2694 3772 2974 3849 duobus
3055 3767 3277 3850 restis
3346 3770 3698 3870 aequales,
3749 3794 3909 3847 non

2344 3872 2631 3961 excedit
2681 3872 3132 3972 tringulum,
3180 3873 3273 3949 de
3350 3897 3501 3972 quo
3572 3871 3909 3974 praedica-

2344 3989 2501 4066 tur,
2556 3976 2674 4053 sed
2724 3973 2823 4052 est
2878 3975 3127 4054 eidem
3196 3976 3680 4055 convertibile
3720 4032 3745 4050 .
3824 3971 3911 4056 Si

2344 4074 2573 4175 igitur
2623 4077 2902 4178 aliquid
2953 4078 3231 4157 duobus
3257 4079 3693 4171 conveniat,
3742 4102 3906 4155 non

2339 4180 2694 4258 convenit
2713 4180 3003 4280 utrique
3028 4179 3422 4264 secundum
3448 4181 3645 4280 quod
3670 4179 3913 4279 ipsum

2338 4278 2437 4358 est
2489 4338 2513 4359 .
2586 4282 3037 4382 Impossibile
3109 4279 3208 4358 est
3296 4281 3521 4383 igitur
3601 4280 3910 4381 aliquod

2337 4408 2569 4463 unum
2622 4385 2710 4462 de
2763 4385 3042 4464 duobus
3092 4383 3506 4484 praedicari,
3558 4385 3662 4464 ita
3699 4380 3904 4485 quod

2338 4486 2429 4563 de
2500 4506 2768 4570 neutro
2825 4512 2955 4587 per
3024 4487 3314 4566 causam
3384 4488 3705 4581 dicatur,
3779 4484 3900 4564 sed

2338 4605 2627 4686 oportet
2677 4591 2803 4671 vel
2872 4614 3107 4670 unum
3172 4590 3311 4668 effe
3393 4592 3686 4673 alterius
3738 4612 3906 4666 cau-

2347 4689 2538 4784 sam,
2593 4690 2768 4772 sicut
2827 4693 3020 4793 ignis
3071 4692 3170 4775 est
3221 4694 3431 4774 causa
3465 4692 3723 4776 caloris
3748 4713 3909 4769 cor-

2344 4791 2505 4891 pori
2575 4794 2823 4873 mixto
2856 4848 2882 4888 ,
2957 4823 3129 4876 cum
3212 4816 3465 4878 tamen
3518 4816 3911 4892 utrumque

2349 4892 2667 4972 calidum
2738 4897 3076 4986 dicatum
3145 4901 3266 4978 vel
3340 4917 3630 5002 oportet
3685 4895 3911 4997 ,quod

3776 5112 3910 5181 cut
