4597 5696
749 342 830 425 3⁶
1361 347 1499 414 DE
1558 346 2148 418 VERITATE
2208 340 2928 422 CATHOLICAE
2987 356 3304 430 FIDEI

739 482 870 539 ens
928 480 1095 540 non·
1139 456 1363 562 possit
1416 461 1568 541 esse
1619 444 1896 561 genuf,
1951 464 2302 564 probatur
2404 464 2797 567 importare
2867 468 3000 548 nifi
3069 472 3545 572 negationem
3597 484 3884 552 tantum
3937 498 3957 546 ε

736 585 868 662 per
920 562 1447 663 Philosophum
1496 564 1688 663 (ΙΙΙ.
1733 564 2072 665 Metaph.
2125 581 2298 645 text.
2399 568 2669 647 dicitur
2721 570 2926 650 enim
2978 598 3108 652 ens
3159 597 3288 673 per
3342 573 3413 652 se
3436 600 3526 654 ex
3571 574 3715 654 hoc
3754 560 3956 673 quod

744 688 1015 742 comm.
1070 691 1138 744 x.
1192 666 1221 765 )
1273 666 1354 744 in
1406 667 1602 744 hunc
1653 668 2000 744 modum.
2055 666 2132 744 Si
2172 691 2303 744 ens
2405 695 2559 749 non
2608 670 2718 749 est
2767 672 2848 750 in
2899 672 3097 769 alio,
3204 676 3347 754 uod
3369 675 3475 755 est
3510 675 3806 775 negatio
3831 699 3961 773 pu-

743 767 927 881 eseet
993 791 1222 866 genus
1274 822 1302 863 ‚
1366 784 1736 883 oporteret
1805 767 1874 846 d'
1941 767 2300 847 erentiam
2403 796 2530 865 ra,
2579 797 2739 873 quae
2793 798 2928 852 nec
2968 793 3153 889 pote
3186 791 3217 855 t
3253 791 3628 872 naturam,
3676 776 3800 854 vel
3851 798 3963 851 ra-

664 882 673 891 '
748 867 1077 968 aliquam
1132 868 1454 947 inveniri
1485 922 1515 964 ‚
1594 893 1725 968 per
1792 894 2019 970 quam
2070 869 2297 948 trahe-
2401 872 2688 951 tionem
2736 898 3024 973 generis
3073 876 3509 967 constituere
3544 932 3571 971 ‚
3638 877 3813 978 quia
3865 873 3962 952 fic

754 986 953 1049 retur
1003 972 1093 1049 ad
1145 971 1501 1070 speciem.
1573 969 1810 1049 Nulla
1874 988 2123 1050 autem
2175 967 2311 1048 dif-
2412 997 2646 1073 genus
2700 1001 2852 1053 non
2902 977 3175 1056 diceret
3226 982 3426 1077 quod
3473 978 3579 1057 est
3629 1003 3738 1057 res
3763 1024 3787 1059 ²
3838 974 3960 1053 sed

751 1069 1065 1150 ferentia
1116 1072 1509 1173 participat>
1552 1096 1827 1170 genus,
1879 1073 1981 1151 ita
2034 1071 2313 1151 scilicet
2411 1077 2609 1175 quod
2678 1102 2832 1155 non
2905 1076 3047 1157 est.
3121 1081 3438 1177 Oportet
3490 1081 3716 1179 igitur
3765 1075 3966 1176 quod

755 1174 953 1272 quod
1005 1198 1234 1289 genus
1275 1228 1303 1267 ‚
1352 1173 1450 1252 sit
1502 1172 1917 1251 iuratione
1967 1173 2304 1253 differen·
2406 1178 2597 1257 ratio
2649 1176 3059 1258 substantiae
3112 1179 3567 1279 intelligatur
3608 1183 3750 1261 hoc
3804 1202 3964 1258 mo-

526 1336 529 1339 ,
660 1372 663 1373 f
748 1274 916 1367 tiae,
967 1302 1145 1374 qma
1195 1275 1302 1352 sic
1353 1299 1609 1373 genus·
1638 1293 2027 1372 poneretur
2081 1275 2191 1352 bis
2224 1275 2304 1352 in
2406 1279 2548 1371 dc,
2598 1281 2795 1378 quod
2850 1279 3268 1359 substantia‘
3321 1281 3407 1360 fit
3461 1307 3571 1363 res
3620 1281 3742 1360 cui
3794 1302 3965 1381 con·

744 1376 1199 1454 diffinitione
1250 1375 1558 1476 speciei3
1610 1374 1728 1452 sed
1754 1392 2040 1479 oportet
2089 1373 2293 1453 diffe-
2395 1380 2648 1457 veniat
2697 1381 2838 1459 effe
2891 1408 3042 1461 non
3093 1381 3177 1458 in
3232 1380 3617 1475 subject03
3675 1403 3960 1458 nomen

745 1476 1071 1553 rentiam
1121 1477 1268 1554 esse
1320 1495 1601 1577 praeter·
1648 1475 1725 1554 id
1774 1477 1970 1575 quod
2022 1475 2292 1554 intelli·
2393 1496 2643 1558 autem
2693 1481 2799 1559 rei
2848 1508 2894 1561 a
2941 1481 3346 1584 quidditate
3381 1482 3834 1583 imponitur,
3876 1477 3965 1557 fi·

660 1598 665 1609 *
743 1578 947 1676 gitur
998 1578 1080 1654 in
1131 1579 1410 1681 ratione
1426 1577 1748 1676 generis·
1807 1577 2025 1654 Nihil
2045 1592 2292 1655 autem
2396 1597 2522 1658 cut
2572 1606 2846 1661 nomen
2897 1583 3090 1662 entis
3138 1585 3235 1661 ab
3286 1584 3436 1663 esse
3487 1638 3515 1677 ‚
3588 1585 3662 1661 8(
3711 1583 3815 1661 sic
3851 1580 3963 1660 'in

656 1690 670 1705 ’“
744 1678 982 1793 potest
1032 1679 1177 1771 esse
1227 1680 1425 1778 quod
1473 1679 1571 1756 sit
1642 1693 1901 1791 praeter
1971 1679 2046 1755 id
2099 1678 2297 1775 quod
2396 1682 2679 1760 ratione
2764 1683 3174 1764 substantiae
3244 1683 3696 1784 intelligatur
3758 1681 3961 1783 quod

741 1779 1185 1877 intelligitur
1234 1806 1361 1879 per
1413 1805 1588 1872 ens,
1641 1804 1703 1856 si
1740 1802 1869 1856 ens
1921 1779 2018 1857 sit
2068 1780 2297 1857 dein·
2397 1781 2663 1862 habeat
2711 1785 3195 1884 quidditatem
3232 1785 3353 1864 cui
3387 1785 3786 1864 conveniat
3819 1782 3962 1861 esse

746 1881 1048 1958 tellectu
1099 1905 1355 1960 eorum
1398 1881 1494 1959 ‘de
1547 1879 1810 1979 quibus
1849 1880 2296 1978 praedicatum
2379 1909 2551 1963 non
2620 1886 2703 1963 in
2773 1886 2925 1967 alio
2955 1943 2976 1963 .
3049 1889 3220 1965 Hoc
3273 1904 3522 1965 autem
3581 1890 3746 1965 Deo
3799 1908 3956 1963 non

743 1979 820 2059 8<
869 1982 975 2059 sic
1027 2006 1156 2082 per
1206 1984 1488 2061 nullam
1560 1980 2051 2058 differentiam
2118 2008 2290 2060 con·
2390 1987 2983 2081 eonvenit‚nam
3035 2013 3185 2064 non
3204 1987 3423 2064 habet
3471 1987 3956 2086 quidditatem

743 2080 939 2158 trahi
970 2099 1276 2179 potest.
1333 2081 1812 2179 Relinquitur
1863 2104 2041 2177 ergo
2092 2082 2293 2177 quod
2369 2087 2537 2163 nisi
2579 2086 2786 2163 suum
2811 2090 2986 2163 effe.
3025 2088 3245 2163 Unde
3280 2076 3959 2199 relinquitur‚quod

736 2204 875 2258 woens
929 2207 1080 2258 non
1129 2182 1227 2259 sit
1276 2205 1509 2281 genus
1557 2209 1573 2252 ε
1631 2181 1821 2258 unde
1872 2204 1962 2257 ex
2016 2180 2154 2258 hoc
2206 2181 2293 2255 de

640 2292 645 2299 '
742 2280 1157 2360 necestitate
1206 2280 1666 2362 concluditur
1713 2334 1740 2375 ‚
1814 2281 2015 2380 quod
2096 2283 2293 2358 Deus

744 2405 904 2459 non
955 2383 1054 2462 sit
1104 2384 1184 2461 in
1234 2408 1544 2484 genere.

850 2487 968 2563 Ex
1002 2520 1007 2525 ⁴
1042 2484 1182 2564 hoc
1254 2486 1478 2565 etiam
1548 2499 1747 2584 patet
1825 2483 2059 2584 quod-
2096 2485 2298 2600 Deus

738 2584 1054 2666 diffiniri
1106 2614 1257 2666 non
1312 2587 1593 2690 potest,
1643 2587 1817 2688 quia
1868 2584 2116 2664 omnis
2167 2581 2304 2664 d1f-

739 2685 987 2768 finitio
1038 2689 1142 2768 est
1192 2714 1283 2769 ex
1329 2714 1597 2790 genere
1633 2742 1660 2783 ‚
1709 2689 1784 2766 8(
1835 2685 2291 2767 differentiis.

844 2792 1053 2868 Patet
1127 2791 1353 2869 etiam
1425 2791 1625 2889 quod
1693 2814 1843 2870 non
1896 2787 2128 2887 potest
2179 2787 2298 2866 de-

737 2890 1170 2968 monstratio
1220 2894 1311 2969 de
1364 2892 1518 2991 ipso
1569 2890 1729 2966 fieri
1783 2890 1933 2974 nisi
2013 2913 2141 2988 per
2194 2885 2293 2965 ef·

738 2987 1068 3084 fectum,
1119 2992 1293 3089 quia
1347 2991 1793 3091 principium
1847 2986 2291 3066 demonstra·

741 3089 968 3167 tionis
1021 3091 1125 3168 est
1172 3091 1526 3169 diffinitio
1605 3088 1922 3187 ejusdem
1998 3091 2089 3167 de
2141 3115 2293 3188 quo

737 3188 829 3272 fit
877 3191 1410 3270 demonstratio
1455 3249 1476 3269 .

740 3345 749 3352 ·
841 3293 1084 3370 Potest
1161 3312 1409 3371 autem
1485 3290 1706 3371 alicui
1787 3290 2022 3371 videri
2095 3269 2292 3390 quod
2394 3361 2402 3367 .

730 3393 1083 3493 ‚quamvis
1134 3419 1410 3472 nomen
1464 3393 1867 3472 substantiae
1907 3399 2074 3471 Deo
2128 3417 2287 3491 pro-

732 3495 892 3595 prie
944 3495 1345 3572 convenire
1394 3520 1540 3573 non
1586 3493 1843 3594 pellit,
1894 3494 2065 3592 quia
2092 3498 2292 3572 Deus

600 3613 601 3618 ’
735 3620 889 3672 non
949 3594 1208 3673 substat
1259 3596 1811 3681 accidentibus3
1878 3620 1990 3671 res
2045 3612 2292 3671 tamen

736 3693 1143 3792 fignificata
1199 3719 1323 3792 per
1376 3721 1653 3774 nomen
1706 3695 1775 3772 ei
1828 3693 2225 3771 conveniat
2265 3746 2291 3787 ‚

733 3792 807 3871 8<
863 3795 966 3870 ita
1019 3794 1104 3869 fit
1156 3794 1230 3870 in
1286 3819 1550 3892 genere
1582 3793 2054 3871 ‘substantia
2112 3816 2287 3868 nam

732 3892 1124 3973 substantia
1176 3894 1274 3970 est
1327 3920 1454 3972 ens
1507 3919 1635 3995 per
1684 3894 1808 3989 se,
1860 3893 2058 3992 quod
2116 3896 2281 3970 Deo

732 3993 1014 4073 constat
1062 3995 1508 4090 convenire,
1558 4021 1649 4074 ex
1698 4020 1848 4094 quo
1900 3995 2285 4094 probatum

729 4094 859 4173 est
889 4093 1126 4193 ipsum
1179 4121 1330 4175 non
1383 4098 1521 4175 esse
1572 4096 1983 4184 accidens„

746 4237 753 4242 -
835 4197 980 4274 Sed
1030 4197 1121 4275 ad
1172 4196 1311 4276 hoc
1364 4198 1755 4277 dicendum
1807 4195 1905 4275 est
1933 4221 2024 4275 ex
2075 4195 2285 4277 dictis

717 4294 766 4395 (
816 4321 972 4396 cap.
1024 4323 1295 4376 xx111.
1349 4298 1379 4398 )
1427 4301 1627 4399 quod
1684 4296 2283 4399 in„deffinitione

732 4394 1145 4481 substantiae
1219 4424 1373 4478 non
1454 4399 1560 4477 est
1626 4422 1756 4477 ens
1822 4423 1953 4497 per
2004 4396 2115 4474 se.
2174 4401 2290 4478 Ex

732 4498 877 4577 hoc
933 4497 1135 4575 enim
1187 4500 1385 4597 quod
1414 4498 1679 4577 dicitur
1729 4523 1901 4590 ens,
1956 4525 2106 4576 non
2131 4498 2287 4597 pos-

585 4597 593 4604 ’
734 4598 841 4677 set
892 4598 1038 4676 esse
1089 4622 1316 4696 genus
1347 4653 1373 4694 ‚
1442 4600 1612 4699 quia
1684 4597 1833 4694 iam
1902 4601 2292 4700 probatum

733 4700 839 4780 est
873 4753 900 4794 ‚
981 4702 1179 4800 quod
1252 4724 1378 4778 ens
1451 4725 1604 4777 non
1657 4700 1879 4777 habet
1928 4702 2290 4778 rationem

578 4799 597 4816 ⁹
646 4841 651 4845 ·
724 4800 1025 4901 ¹generis
1080 4857 1099 4877 .
1168 4799 1525 4881 Similiter
1576 4824 1711 4878 nec
1762 4824 1853 4877 ex
1903 4800 2043 4880 hoc
2093 4802 2293 4899 quod

591 4925 621 4938 ‘
733 4902 1009 4985 dicitur
1054 4902 1355 5003 perse,
1406 4900 1576 5024 quia
1613 4900 1754 4980 hoc
1799 4924 1957 4981 non
2004 4900 2295 4992 videtur

2401 2185 2608 2264 nullo
2660 2188 2883 2265 modo
2934 2185 3040 2264 est
3082 2185 3160 2262 in
3192 2207 3458 2284 genere
3512 2184 3960 2277 substantiae,

2396 2286 2471 2363 8<
2520 2284 2626 2365 s'ic
2646 2310 2778 2364 nec
2799 2287 2877 2365 in
2911 2285 3164 2384 aliquo
3180 2309 3446 2385 genere
3467 2310 3491 2376 ς
3528 2308 3702 2363 cum
3721 2283 3961 2363 osten·

2407 2387 2565 2464 sum
2613 2385 2761 2480 sit,
2814 2387 3052 2487 ipsum
3106 2412 3260 2466 non
3313 2388 3452 2467 effe
3523 2385 3607 2465 in
3675 2406 3950 2489 genere

2399 2487 2797 2569 accidentis
2847 2544 2868 2564 .
3701 2492 3702 2495 ’

2686 2646 3323 2712 CAPUT
3447 2646 3698 2710 XXVI.

2480 2771 2656 2855 Quod
2694 2774 2850 2833 Deus
2888 2792 2995 2831 non
3050 2766 3125 2846 est
3164 2767 3267 2848 effe
3318 2764 3556 2844 formale
3594 2766 3842 2829 omnium
3858 2805 3876 2827 .

2566 2897 2629 2972 Χ
2688 2894 2798 2972 his
2849 2889 3266 2970 confutatur
3301 2888 3792 2989 quorumdam
3817 2911 3952 3002 ’er-

2393 3096 2592 3206 aliud
2608 3019 2782 3171 rga'e’
2805 2985 3954 3193 ’qghassxeeffptssrgfflffugffig

2395 3197 2737 3295 cujusque
2783 3195 2932 3272 rei..
3401 3287 3417 3307 ·

2511 3325 2568 3371 1.
2627 3298 2831 3373 Nam
2886 3296 3023 3373 esse
3077 3294 3217 3373 hoc
3268 3292 3620 3373 dividitur
3672 3315 3801 3390 per
3853 3289 3953 3366 es-

2396 3394 2466 3473 se
2521 3396 2967 3491 substantiae‚
3019 3397 3092 3473 8<
3145 3397 3284 3474 effe
3333 3393 3765 3471 accidentis.
3821 3390 3952 3467 Di-

2393 3498 2658 3575 vinum
2709 3515 2958 3575 autem
3026 3498 3167 3572 esse
3239 3519 3391 3571 non
3429 3490 3545 3566 „est
3596 3492 3737 3565 ess'e
3790 3489 3949 3565 sub-

2394 3596 2665 3675 stantiae
2717 3651 2744 3689 ‚
2815 3620 3052 3694 neque
3127 3595 3266 3670 esse
3316 3589 3713 3667 accidentis
3764 3640 3792 3681 ‚
3868 3600 3954 3666 ut

2393 3698 2782 3794 probatum
2834 3694 2934 3771 est
2972 3750 2991 3770 .
3064 3689 3509 3791 Impoffibile
3560 3688 3659 3765 est
3725 3688 3955 3802 igitur

2393 3800 2643 3873 Deum
2696 3796 2835 3871 esse
2887 3794 3070 3872 illud
3124 3793 3261 3869 effe
3338 3814 3489 3891 quo
3538 3785 3951 3870 formaliter

2389 3920 2847 4074 unffulsseqrffi
2890 3892 3197 4076 lig-§egel
3249 3953 3579 4069 invicem
3632 4016 3786 4070 non
3834 3989 3944 4069 di·

2387 4095 2846 4195 stinguuntur
2922 4094 3314 4174 secundum
3383 4092 3581 4192 quod
3631 4093 3769 4170 effe
3821 4092 3946 4171 ha·

2389 4197 2786 4297 bent‚quia
2841 4197 2922 4278 in
2972 4197 3114 4274 hoc
3164 4192 3420 4272 omnia
3469 4192 3942 4294 conveniunt.

2391 4299 2470 4377 Si
2524 4322 2704 4397 ergo
2756 4323 2871 4378 res
2918 4297 3264 4392 differunt
3314 4296 3407 4370 ad
3450 4290 3818 4387 invicem,
3869 4320 3946 4373 o-

2392 4413 2633 4499 portet
2682 4400 2878 4499 quod
2927 4399 3047 4478 vel
3104 4395 3342 4495 ipsum
3394 4394 3533 4472 effe
3585 4393 3947 4496 specifice-

2390 4517 2512 4577 tur
2579 4524 2709 4599 per
2760 4499 3037 4597 aliquas
3101 4494 3548 4575 differentias
3622 4495 3944 4590 additam,

2394 4600 2497 4678 ita
2548 4601 2747 4699 quod
2796 4601 3008 4678 rebus
3076 4595 3371 4676 diversis
3439 4593 3526 4673 fit
3576 4594 3944 4689 diversum

2393 4701 2534 4777 effe
2587 4700 2979 4780 secundum
3031 4698 3392 4797 speciemz,
3441 4695 3809 4797 vel'quod
3831 4719 3942 4774 ren

2390 4800 2733 4882 differant
2781 4826 2911 4902 per
2961 4802 3100 4879 hoc
3150 4800 3348 4898 quod
3398 4795 3636 4975 {psum
3684 4798 3823 4875 effe
3838 4795 3947 4874 di·

2390 4901 2608 4987 versus
2655 4903 2932 4987 naturis
2984 4899 3379 4984 secundum
3427 4897 3720 5007 peciem
3767 4919 3953 5076 cone.

3828 5022 3880 5076 v
