4597 5696
708 284 834 366 ¹84
1364 288 1501 351 DE
1557 276 2138 352 VEMTATE
2193 253 2920 388 CQTHoLchE
2979 270 3292 339 mom

712 418 1039 500 visibilia
1091 439 1182 492 ex
1232 405 1437 490 malo
1470 403 1837 519 princ-ipio
1913 403 2283 484 roceffiffe.
2425 423 2430 432 ·
2661 450 2717 514 C
2803 450 2866 512 A
2949 443 2999 506 p
3083 445 3144 508 U
3229 441 3292 504 Τ
3452 442 3690 508 XLV„

821 521 1026 604 Huic
1077 515 1308 595 etiam
1359 508 1696 609 opinioni
1749 532 1842 584 au
1916 508 2140 587 oritas
2180 505 2281 584 sa·
2890 581 2902 594 ,
3294 575 3309 589 ,
3361 575 3376 590 ‚
3481 575 3492 588 ‚
3570 579 3582 590 ,

715 648 856 706 crae
910 620 1294 719 Scripturae
1348 608 1724 722 manifeste
1802 608 2283 689 contradicite
2509 587 2658 669 ΕΜ
2699 581 2772 662 fi'
2807 594 2998 742 12¹2}
3000 571 3610 721 dfxsxjssfess‘fm‘
3647 595 3824 637 ΜΨ
3915 711 3919 715 Δ

716 727 897 829 quia
952 725 1033 803 in
1104 714 1407 819 fingulis
1474 715 1816 813 operibus
1865 710 2289 828 Δνὶῑίῐῑῂἰίιιιζῐι
2375 724 2388 738 ’

716 844 1215 910 creaturarum
1268 816 1400 897 tali
1453 815 1680 898 modo
1749 813 2095 912 loquend1
2145 831 2286 890 uti·
2377 825 2384 832 ·
2507 881 2510 886 ,
2554 798 2610 858 1.
2654 797 2819 857 Part.
2864 787 3048 874 quaess.
3091 789 3300 853 xlvu.
3342 808 3454 853 art.
3505 806 3558 850 1·
3602 784 3683 849 <9-
3724 807 3782 847 ²·

719 945 842 1013 tur
898 924 1205 1029 Moyses
1255 920 1494 1018 (Gen-
1562 914 1677 1012 1·)
1751 923 1821 990 V
1814 914 2018 998 idem
2075 924 2283 994 Deus
2392 925 2839 1114 Ostendi
2889 941 3139 1024 autem
3190 948 3280 1002 ex
3334 919 3689 1022 praediffls
3716 915 3945 1021 potest

728 1032 925 1135 quod
978 1028 1149 1126 effet
1202 1019 1673 1134 bonufflc.
1710 1015 1782 1092 8(
1820 1015 2286 1130 postmodum
2636 1054 2795 1130 quae
2849 1026 2938 1106 fit
2984 1051 3159 1105 vere
3237 1026 3477 1128 prima
3555 1018 3948 1107 distinffin,

727 1137 824 1215 de
872 1127 1153 1213 cunffls
1169 1125 1383 1206 fimul
1415 1122 1821 1220 subjungit:
1854 1120 2067 1198 thtt
2083 1127 2290 1204 Deus
2389 1130 2507 1209 nis
2555 1153 2800 1209 rerum
2851 1127 3101 1209 causa,

726 1233 996 1320 cuncta
1046 1239 1203 1330 'quae
1241 1223 1591 1338 fecerat?
1641 1224 1736 1297 (Τ
1794 1243 2009 1302 crant
2059 1219 2293 1338 valde
2506 1258 2565 1309 ι.
2619 1235 2813 1311 Cum
2866 1232 3072 1309 enim
3125 1254 3347 1309 omne
3415 1252 3640 1328 agens
3715 1224 3951 1305 inten-

728 1344 963 1422 hona.
1005 1337 1129 1416 Ex
1180 1355 1334 1430 quo
1382 1319 1759 1418 mamfeste
1811 1326 2024 1402 datur
2079 1323 2290 1402 mtel·
2394 1335 2519 1413 dat
2570 1331 2771 1412 suam
2823 1332 3382 1413 similitudinem
3457 1332 3537 1409 in
3608 1327 3950 1409 effectum

730 1440 875 1541 ligi
916 1492 944 1533 ‚
994 1435 1193 1536 quod
1260 1445 1601 1516 creaturae
1666 1424 2076 1541 Corpofales
2116 1479 2145 1523 2
2218 1424 2296 1520 3,(
2397 1436 2738 1514 inducere
2761 1488 2789 1533 ,
2844 1436 3237 1514 secundum
3288 1435 3484 1536 quod
3516 1431 3809 1512 effefflus
3839 1455 3953 1509 ca·

732 1538 1057 1622 vifibiles
1110 1534 1278 1615 ideo
1296 1531 1457 1611 sunt
1508 1523 1714 1618 facim
1742 1582 1767 1622 ,
1788 1552 1963 1627 qu1a
2015 1532 2295 1643 bonum
2397 1538 2567 1639 pere
2620 1536 2883 1638 potest:
2916 1553 3125 1617 tanto
3176 1537 3316 1618 hoc
3368 1536 3524 1635 agit
3541 1531 3961 1636 pet-femus,

734 1643 839 1726 est
889 1666 1010 1719 eas
1061 1637 1201 1716 effe
1242 1689 1293 1750 ‚·
1319 1630 1528 1734 quod
1569 1627 1667 1707 est
1735 1628 2140 1747 consonum·
2188 1630 2296 1708 dl·
2398 1653 2676 1739 quanto
2690 1664 2911 1739 agens
2926 1635 3312 1740 perfef’tius
3364 1638 3462 1718 est
3487 1696 3505 1714 .
3526 1643 3734 1717 Patet
3751 1633 3955 1712 enim

734 1745 930 1827 vinae
983 1738 1300 1819 bonitati
1321 1789 1348 1831 ,
1399 1733 1474 1811 8<
1524 1755 1677 1845 non
1725 1749 2020 1832 propter
2048 1732 2297 1833 ahqua
2398 1741 2597 1841 quod
2619 1758 2900 1840 quanto
2950 1742 3231 1841 aliquid
3284 1740 3381 1822 est
3402 1741 3705 1821 calidius
3730 1793 3756 1834 ,
3798 1753 3957 1814 tan·

736 1861 1232 1929 creaturarum
1284 1832 1760 1915 rationalium
1810 1833 2124 1932 merita,
2175 1832 2300 1913 vel
2399 1859 2484 1921 to
2535 1839 2712 1921 facit
2762 1844 2999 1945 magis
3049 1844 3506 1939 calidum,&
3551 1856 3836 1943 ‘quanto
3859 1833 3960 1914 est

737 1962 1072 2056 peccata.
1640 2036 1657 2055 .
2401 1943 2668 2045 aliquis
2719 1946 2988 2025 melior
3034 1945 3338 2040 artifex,
3390 1961 3601 2026 tanto
3642 1942 3964 2022 formam

750 2103 753 2104 f
804 2051 1166 2129 *Videtur
1218 2056 1467 2124 autem
1521 2042 1887 2139 Origenes
1937 2063 2090 2118 non
2141 2062 2300 2141 per-
2404 2047 2580 2126 artis
2630 2046 3020 2152 perfectius
3071 2049 3356 2130 inducit
3404 2048 3481 2126 in
3533 2044 3961 2125 materiam.

741 2152 1062 2254 pendiffe
1105 2201 1133 2243 ,
1181 2147 1381 2246 quod
1428 2168 1600 2225 cum
1677 2140 1957 2240 aliquid
2008 2167 2158 2221 non
2207 2168 2302 2224 ex
2405 2152 2610 2228 Deus
2663 2165 2914 2229 autem
2965 2149 3064 2228 est
3099 2147 3691 2250 pexrfec‘ciss‘unum
3721 2171 3962 2248 agens.

743 2253 1001 2334 debito
1038 2305 1065 2347 ,
1117 2248 1237 2327 sed
1285 2245 1686 2325 liberaliter
1764 2242 2023 2324 damus
2074 2300 2103 2342 ,
2152 2272 2307 2326 non
2407 2251 2633 2329 Suam
2685 2252 2919 2349 igitur
2965 2248 3521 2329 similitudinem
3591 2252 3673 2330 in
3748 2250 3964 2328 rebus

744 2354 850 2434 est
900 2365 1153 2434 contra
1205 2347 1596 2447 justitiam,
1646 2342 1700 2423 fi
1752 2343 2137 2444 inaequalia
2187 2349 2306 2427 da·
2407 2349 2670 2431 creatis
2721 2354 2813 2430 ad
2889 2375 3064 2430 eum
3137 2353 3551 2451 pertinebat
3625 2353 3967 2431 inducere

745 2481 913 2538 mus
932 2503 958 2543 2
1015 2450 1219 2532 nulla
1254 2450 1665 2530 diveriitate
1682 2446 2117 2527 meritorum
2134 2473 2306 2552 pen·
2407 2450 2919 2552 perfec’tissime
2961 2506 2992 2549 ,
3038 2470 3394 2554 quantum
3449 2470 3720 2532 naturae
3772 2476 3965 2535 crea·

745 2558 944 2641 fita:
1001 2581 1173 2637 cum
1224 2552 1613 2633 retributio
1687 2551 2137 2631 merentibus
2188 2552 2306 2631 de·
2409 2569 2497 2632 tae
2550 2555 2905 2634 convenit
2948 2609 2967 2631 .
3020 2556 3164 2636 Sed
3215 2554 3610 2655 perfeelam
3689 2557 3835 2636 Dei
3888 2554 3967 2634 fi-

742 2661 1039 2741 heatur.
1095 2661 1297 2737 Deus
1345 2671 1646 2748 autem,
1698 2668 1782 2731 ut
1832 2650 2039 2753 supra
2080 2653 2307 2736 osten·-
2407 2653 2912 2736 militudinem
2961 2682 3116 2736 non
3166 2659 3448 2757 possunt
3484 2658 3828 2758 consequi
3857 2680 3971 2736 res

746 2763 912 2844 sum
964 2760 1064 2840 est
1092 2813 1118 2855 ,
1145 2783 1237 2836 ex
1288 2756 1497 2838 nullo
1546 2755 1841 2851 debito,
1868 2752 1988 2836 sed
2036 2781 2129 2834 ex
2155 2782 2308 2835 me·
2406 2774 2665 2839 creatae
2717 2759 3111 2839 secundum
3135 2785 3358 2837 unam
3381 2760 3610 2839 solam
3655 2758 3976 2861 speciem

748 2875 857 2945 ra‘
885 2860 1337 2942 liberalitate
1381 2885 1494 2939 res
1575 2859 1656 2936 in
1724 2858 1864 2936 effe
1931 2860 2315 2960 produxit,
2414 2879 2798 2943 creaturae:
2853 2862 3029 2963 quia
3078 2887 3251 2941 cum
3293 2863 3504 2942 causa
3554 2864 3856 2942 excedat
3875 2858 3977 2958 ef-

749 2967 947 3048 unde
998 2962 1365 3044 diverfitas
1415 2978 1909 3040 creaturarum
1944 3015 1971 3054 ,
2024 2960 2312 3041 diverfi·
2413 2959 2692 3041 fecium
2730 3019 2756 3060 ,
2808 2965 3008 3063 quod
3093 2962 3197 3040 est
3246 2965 3330 3042 in
3380 2964 3589 3043 causa
3639 2962 3979 3065 fimplici-

753 3083 990 3150 tatem
1056 3064 1495 3144 meritorum
1562 3085 1714 3139 non
1790 3061 2320 3162 praesupponit.
2420 3077 2533 3143 ter
2577 3117 2605 3159 ,
2655 3064 2732 3142 8<
2779 3066 2988 3143 unite
3035 3118 3063 3160 ,
3134 3065 3218 3142 in
3287 3064 3551 3146 effectu
3605 3065 3982 3144 invenitur

711 3217 717 3223 ·
758 3173 1000 3263 Item,
1049 3191 1280 3270 quum
1332 3166 1612 3245 bonum
1665 3162 1889 3241 totius
1916 3161 2002 3241 fit
2052 3162 2322 3244 melius
2419 3164 2867 3266 compofite,
2915 3168 2991 3246 8<
3046 3165 3596 3267 multipliciter,
3624 3167 3760 3247 nifi
3811 3164 3981 3246 effe·

754 3281 984 3374 qu'am
1055 3272 1336 3350 bonum
1428 3264 1872 3364 singularum
1953 3267 2323 3365 partium,
2421 3265 2580 3347 &us
2631 3267 3003 3369 pertingat
3035 3271 3129 3362 ad
3153 3269 3467 3369 speciem
3488 3270 3757 3368 causae,
3783 3267 3984 3371 quod

755 3400 912 3455 non
963 3370 1062 3453 est
1112 3366 1383 3472 optimi
1416 3365 1713 3480 factoris
1765 3365 2173 3449 diminuere
2193 3369 2320 3447 bo-
2423 3367 2534 3448 ίη
2572 3368 2945 3470 propofito
3009 3371 3158 3450 dici
3226 3397 3380 3450 non
3452 3370 3682 3472 potest
3728 3399 3760 3449 :
3832 3396 3989 3452 non

758 3488 943 3557 num
997 3473 1225 3554 totius
1271 3524 1299 3566 ,
1372 3486 1458 3549 ut
1507 3470 1919 3570 ahquarum
1994 3471 2321 3570 partium
2422 3468 2626 3549 enim
2677 3487 3008 3554 creatura
3057 3472 3289 3573 potest
3341 3475 3480 3550 effe
3532 3478 3703 3551 Deo
3752 3497 3988 3571 aequa·

761 3592 1029 3677 augeat
1079 3570 1534 3655 bonitatem:
1585 3596 1738 3648 non
1764 3563 1964 3648 enim
2019 3572 2321 3652 aedifica-
2421 3571 2554 3651 lis.
2609 3575 2965 3674 Oportuit
3019 3575 3247 3672 igitur
3303 3576 3441 3650 effe
3475 3571 3983 3671 multiplicitate

762 3694 881 3760 tor
933 3677 1410 3755 fundamento
1492 3670 1750 3750 tribuit
1818 3696 1985 3750 eam
2038 3672 2322 3752 bonita-
2422 3688 2578 3753 tem
2609 3728 2636 3771 ,
2686 3675 2762 3754 8<
2809 3676 3243 3755 varietatem
3297 3672 3376 3748 in
3427 3673 3641 3750 rebus
3691 3672 3986 3764 creatis

765 3796 923 3861 tem
975 3801 1199 3876 quam
1254 3772 1513 3852 tribuit
1565 3770 1762 3851 tecto
1788 3826 1815 3868 ,
1865 3798 1961 3852 ne
2011 3774 2321 3854 domum
2427 3776 2519 3853 ad
2572 3776 2711 3854 hoc
2765 3777 2962 3875 quod
3013 3773 3465 3851 inveniretur
3515 3773 3595 3850 in
3676 3772 3784 3851 eis
3841 3771 3988 3851 Dei

768 3878 990 3964 faciat
1041 3876 1409 3956 ruinosam
1448 3931 1468 3952 .
1521 3872 1792 3953 Faetor
1864 3875 2094 3974 igitur
2167 3903 2328 3956 om·
2430 3874 2831 3956 similitudo
2879 3872 3199 3976 perfeaa
3236 3873 3629 3955 secundum
3680 3876 3991 3956 modum

768 3983 983 4064 nium
1038 3983 1241 4065 Deus
1291 4002 1444 4055 non
1510 3971 1785 4056 faceret
1855 3992 2092 4057 totum
2169 3980 2330 4060 uni·
2434 3975 2642 4057 suurn
2664 4034 2682 4054 .

769 4085 1067 4165 versum
1118 4080 1248 4160 suo
1296 4102 1562 4179 genere
1613 4077 1983 4178 optimum
2029 4134 2055 4175 ,
2123 4079 2177 4158 fi
2231 4079 2330 4158 fa·
2537 4108 2604 4157 2.
2660 4076 3007 4179 Amplius
3053 4134 3071 4155 .
3154 4078 3360 4158 Sicut
3410 4103 3497 4158 ea
3572 4088 3732 4179 qu'ae
3802 4078 3996 4161 fiunt

770 4202 971 4265 ceret
1038 4207 1296 4263 omnes
1367 4199 1602 4283 partes
1677 4182 1988 4278 aequales
2038 4235 2066 4276 ‚
2151 4183 2328 4282 quia
2430 4205 2520 4260 ex
2571 4181 2879 4259 materia
2910 4234 2939 4276 ,
3009 4178 3173 4259 sunt
3224 4180 3306 4259 in
3385 4182 3713 4281 potentia
3765 4198 4000 4263 mate·

773 4283 1001 4365 multi
1081 4287 1343 4382 gradus
1428 4281 1778 4362 bonitatis
1850 4283 1932 4378 in
1999 4284 2337 4362 universo
2437 4282 2560 4360 riae
2610 4281 2918 4381 paffiva,
2970 4279 3076 4362 ita
3128 4308 3287 4382 quae
3317 4282 3505 4363 fiunt
3553 4286 3648 4362 ab
3698 4303 3996 4385 agente,

776 4384 1138 4483 deessent,
1182 4386 1258 4464 8<
1306 4381 1401 4466 fic
1456 4385 1628 4467 effet
1665 4383 2182 4487 imperfectum
2206 4440 2226 4463 .
2435 4400 2728 4482 oportet
2779 4385 2916 4462 effe
2969 4383 3049 4461 in
3099 4384 3432 4484 potentia
3483 4384 3721 4466 activa
3779 4412 3994 4487 agen·

824 4550 833 4557 .
1738 4539 1743 4545 ·
2435 4484 2530 4565 tis
2553 4542 2572 4562 .
2629 4487 2814 4564 Non
2865 4500 3110 4565 autem
3165 4488 3495 4585 potentia
3548 4489 3811 4589 passiva
3848 4516 4002 4569 ma-

2433 4588 2631 4667 teriae
2684 4585 3001 4686 perfecte
3054 4590 3516 4668 reduceretur
3565 4591 3648 4667 in
3707 4591 4001 4690 aEium,

2447 4688 2501 4765 fi
2555 4714 2649 4767 ex
2700 4691 3010 4768 materia
3058 4688 3270 4770 fieret
3287 4717 3520 4770 unum
3574 4707 3866 4771 tantum
3891 4719 4010 4774 eo-

2444 4812 2614 4867 rum
2666 4793 2758 4870 ad
2808 4814 2967 4889 quae
3020 4793 3329 4871 materia
3382 4792 3484 4870 est
3522 4791 3603 4872 in
3653 4798 4002 4893 potentia.

2448 4892 2659 4992 Ergo
2707 4891 2762 4972 fi
2818 4893 3088 4998 aliquis
3137 4919 3358 4998 agens
3406 4893 3612 4997 cujus
3671 4897 4009 5081 potentia

3905 5023 3948 5079 e
