<?xml version="1.0" encoding="UTF-8"?>
<!DOCTYPE html PUBLIC "-//W3C//DTD XHTML 1.0 Transitional//EN"
    "http://www.w3.org/TR/xhtml1/DTD/xhtml1-transitional.dtd">
<html xmlns="http://www.w3.org/1999/xhtml" xml:lang="en" lang="en">
 <head>
  <title>
</title>
<meta http-equiv="Content-Type" content="text/html;charset=utf-8" />
  <meta name='ocr-system' content='tesseract 3.04.00' />
  <meta name='ocr-capabilities' content='ocr_page ocr_carea ocr_par ocr_line ocrx_word'/>
</head>
<body>
  <div class='ocr_page' id='page_1' title='image "./summacontragent00aqugoog_0183.png"; bbox 0 0 4597 5696; ppageno 0'>
   <div class='ocr_carea' id='block_1_1' title="bbox 1260 387 3834 469">
    <p class='ocr_par' dir='ltr' id='par_1_1' title="bbox 1260 387 3834 469">
     <span class='ocr_line' id='line_1_1' title="bbox 1260 387 3834 469; baseline -0.002 -12"><span class='ocrx_word' id='word_1_1' title='bbox 1260 391 1851 458; x_wconf 76' lang='lat' dir='ltr'>CONTRA</span> <span class='ocrx_word' id='word_1_2' title='bbox 1944 387 2692 454; x_wconf 69' lang='lat' dir='ltr'>GENTILES</span> <span class='ocrx_word' id='word_1_3' title='bbox 2782 389 3030 460; x_wconf 65' lang='lat' dir='ltr'>LIJB:</span> <span class='ocrx_word' id='word_1_4' title='bbox 3115 389 3213 450; x_wconf 84' lang='lat'>11.</span> <span class='ocrx_word' id='word_1_5' title='bbox 3725 409 3834 469; x_wconf 73' lang='lat'>143</span> 
     </span>
    </p>
   </div>
   <div class='ocr_carea' id='block_1_2' title="bbox 450 505 3842 5014">
    <p class='ocr_par' dir='ltr' id='par_1_2' title="bbox 450 505 3842 5014">
     <span class='ocr_line' id='line_1_2' title="bbox 582 505 3840 618; baseline -0.002 -28"><span class='ocrx_word' id='word_1_6' title='bbox 582 505 925 618; x_wconf 78' lang='lat' dir='ltr'>spondet:</span> <span class='ocrx_word' id='word_1_7' title='bbox 983 514 1178 613; x_wconf 88' lang='lat' dir='ltr'>prius</span> <span class='ocrx_word' id='word_1_8' title='bbox 1233 511 1440 589; x_wconf 87' lang='lat' dir='ltr'>enim</span> <span class='ocrx_word' id='word_1_9' title='bbox 1493 509 1591 588; x_wconf 91' lang='lat' dir='ltr'>est</span> <span class='ocrx_word' id='word_1_10' title='bbox 1665 507 1887 587; x_wconf 61' lang='lat' dir='ltr'>sefflio</span> <span class='ocrx_word' id='word_1_11' title='bbox 1960 509 2148 609; x_wconf 77' lang='lat' dir='ltr'>ligni</span> <span class='ocrx_word' id='word_1_12' title='bbox 2258 509 2480 588; x_wconf 68' lang='lat' dir='ltr'>Nihil</span> <span class='ocrx_word' id='word_1_13' title='bbox 2537 527 2785 587; x_wconf 84' lang='lat' dir='ltr'>autem</span> <span class='ocrx_word' id='word_1_14' title='bbox 2860 507 3056 604; x_wconf 84' lang='lat' dir='ltr'>quod</span> <span class='ocrx_word' id='word_1_15' title='bbox 3113 505 3332 582; x_wconf 86' lang='lat' dir='ltr'>habet</span> <span class='ocrx_word' id='word_1_16' title='bbox 3404 508 3542 586; x_wconf 72' lang='lat' dir='ltr'>esse</span> <span class='ocrx_word' id='word_1_17' title='bbox 3612 512 3840 588; x_wconf 84' lang='lat' dir='ltr'>deter-</span> 
     </span>
     <span class='ocr_line' id='line_1_3' title="bbox 575 609 3841 719; baseline -0.002 -23"><span class='ocrx_word' id='word_1_18' title='bbox 575 643 797 719; x_wconf 89' lang='lat' dir='ltr'>quam</span> <span class='ocrx_word' id='word_1_19' title='bbox 855 614 1089 694; x_wconf 88' lang='lat' dir='ltr'>forma</span> <span class='ocrx_word' id='word_1_20' title='bbox 1148 614 1488 708; x_wconf 81' lang='lat' dir='ltr'>scamni,</span> <span class='ocrx_word' id='word_1_21' title='bbox 1557 612 1628 689; x_wconf 77' lang='lat'>8&lt;</span> <span class='ocrx_word' id='word_1_22' title='bbox 1684 610 1996 712; x_wconf 75' lang='lat' dir='ltr'>digestio</span> <span class='ocrx_word' id='word_1_23' title='bbox 2046 613 2147 689; x_wconf 88' lang='lat' dir='ltr'>ci·</span> <span class='ocrx_word' id='word_1_24' title='bbox 2252 613 2675 704; x_wconf 78' lang='lat' dir='ltr'>minatum,</span> <span class='ocrx_word' id='word_1_25' title='bbox 2758 609 2984 709; x_wconf 88' lang='lat' dir='ltr'>potest</span> <span class='ocrx_word' id='word_1_26' title='bbox 3041 610 3182 685; x_wconf 84' lang='lat' dir='ltr'>ess&#39;e</span> <span class='ocrx_word' id='word_1_27' title='bbox 3257 609 3489 687; x_wconf 80' lang='lat' dir='ltr'>fimile</span> <span class='ocrx_word' id='word_1_28' title='bbox 3545 612 3841 690; x_wconf 59' lang='lat' dir='ltr'>effeciui</span> 
     </span>
     <span class='ocr_line' id='line_1_4' title="bbox 573 709 3842 819; baseline -0.003 -20"><span class='ocrx_word' id='word_1_29' title='bbox 573 723 650 799; x_wconf 92' lang='lat' dir='ltr'>bi</span> <span class='ocrx_word' id='word_1_30' title='bbox 704 745 928 819; x_wconf 91' lang='lat' dir='ltr'>quam</span> <span class='ocrx_word' id='word_1_31' title='bbox 983 738 1367 817; x_wconf 78' lang='lat' dir='ltr'>generatio</span> <span class='ocrx_word' id='word_1_32' title='bbox 1418 714 1695 795; x_wconf 88' lang='lat' dir='ltr'>carnis.</span> <span class='ocrx_word' id='word_1_33' title='bbox 1738 715 2139 813; x_wconf 86' lang='lat' dir='ltr'>Oportebit</span> <span class='ocrx_word' id='word_1_34' title='bbox 2244 716 2578 814; x_wconf 82' lang='lat' dir='ltr'>generis,</span> <span class='ocrx_word' id='word_1_35' title='bbox 2632 713 2752 790; x_wconf 90' lang='lat' dir='ltr'>vel</span> <span class='ocrx_word' id='word_1_36' title='bbox 2808 709 3074 812; x_wconf 73' lang='lat' dir='ltr'>speciei</span> <span class='ocrx_word' id='word_1_37' title='bbox 3129 709 3499 809; x_wconf 81' lang='lat' dir='ltr'>ejusdem,</span> <span class='ocrx_word' id='word_1_38' title='bbox 3555 713 3681 790; x_wconf 80' lang='lat' dir='ltr'>nili</span> <span class='ocrx_word' id='word_1_39' title='bbox 3744 716 3842 790; x_wconf 89' lang='lat' dir='ltr'>se-</span> 
     </span>
     <span class='ocr_line' id='line_1_5' title="bbox 576 814 3839 923; baseline -0.002 -23"><span class='ocrx_word' id='word_1_40' title='bbox 576 823 800 923; x_wconf 85' lang='lat' dir='ltr'>igitur</span> <span class='ocrx_word' id='word_1_41' title='bbox 852 820 1130 920; x_wconf 90' lang='lat' dir='ltr'>aliquid</span> <span class='ocrx_word' id='word_1_42' title='bbox 1185 823 1322 897; x_wconf 84' lang='lat' dir='ltr'>esse</span> <span class='ocrx_word' id='word_1_43' title='bbox 1376 817 1722 896; x_wconf 56' lang='lat' dir='ltr'>effeeium</span> <span class='ocrx_word' id='word_1_44' title='bbox 1796 842 1926 916; x_wconf 89' lang='lat' dir='ltr'>per</span> <span class='ocrx_word' id='word_1_45' title='bbox 1980 843 2135 916; x_wconf 89' lang='lat' dir='ltr'>pro·</span> <span class='ocrx_word' id='word_1_46' title='bbox 2239 821 2565 897; x_wconf 88' lang='lat' dir='ltr'>cundum</span> <span class='ocrx_word' id='word_1_47' title='bbox 2609 817 2973 894; x_wconf 82' lang='lat' dir='ltr'>rationem</span> <span class='ocrx_word' id='word_1_48' title='bbox 3014 814 3353 913; x_wconf 82' lang='lat' dir='ltr'>generis,</span> <span class='ocrx_word' id='word_1_49' title='bbox 3397 815 3517 891; x_wconf 90' lang='lat' dir='ltr'>vel</span> <span class='ocrx_word' id='word_1_50' title='bbox 3555 815 3839 914; x_wconf 82' lang='lat' dir='ltr'>speciei.</span> 
     </span>
     <span class='ocr_line' id='line_1_6' title="bbox 571 915 3842 1025; baseline -0.002 -23"><span class='ocrx_word' id='word_1_51' title='bbox 571 926 812 1025; x_wconf 90' lang='lat' dir='ltr'>priam</span> <span class='ocrx_word' id='word_1_52' title='bbox 864 923 1370 1023; x_wconf 85' lang='lat' dir='ltr'>operationem</span> <span class='ocrx_word' id='word_1_53' title='bbox 1397 919 1966 1000; x_wconf 85' lang='lat' dir='ltr'>instrumentalis</span> <span class='ocrx_word' id='word_1_54' title='bbox 1988 944 2136 996; x_wconf 90' lang='lat' dir='ltr'>cre·</span> <span class='ocrx_word' id='word_1_55' title='bbox 2245 924 2455 998; x_wconf 90' lang='lat' dir='ltr'>Nam</span> <span class='ocrx_word' id='word_1_56' title='bbox 2507 920 2899 997; x_wconf 87' lang='lat' dir='ltr'>secundum</span> <span class='ocrx_word' id='word_1_57' title='bbox 2932 918 3129 1017; x_wconf 91' lang='lat' dir='ltr'>quod</span> <span class='ocrx_word' id='word_1_58' title='bbox 3183 915 3278 993; x_wconf 87' lang='lat' dir='ltr'>est</span> <span class='ocrx_word' id='word_1_59' title='bbox 3324 916 3473 1009; x_wconf 55' lang='lat' dir='ltr'>⁴hoc</span> <span class='ocrx_word' id='word_1_60' title='bbox 3528 919 3842 1021; x_wconf 80' lang='lat' dir='ltr'>aliquid,</span> 
     </span>
     <span class='ocr_line' id='line_1_7' title="bbox 572 1018 3835 1124; baseline -0.001 -21"><span class='ocrx_word' id='word_1_61' title='bbox 572 1028 808 1119; x_wconf 82' lang='lat' dir='ltr'>antis,</span> <span class='ocrx_word' id='word_1_62' title='bbox 861 1028 1059 1124; x_wconf 90' lang='lat' dir='ltr'>quod</span> <span class='ocrx_word' id='word_1_63' title='bbox 1116 1024 1198 1103; x_wconf 83' lang='lat' dir='ltr'>sit</span> <span class='ocrx_word' id='word_1_64' title='bbox 1250 1025 1446 1124; x_wconf 86' lang='lat' dir='ltr'>prius</span> <span class='ocrx_word' id='word_1_65' title='bbox 1529 1023 1609 1100; x_wconf 92' lang='lat' dir='ltr'>in</span> <span class='ocrx_word' id='word_1_66' title='bbox 1666 1023 1787 1099; x_wconf 89' lang='lat' dir='ltr'>via</span> <span class='ocrx_word' id='word_1_67' title='bbox 1839 1046 2136 1121; x_wconf 87' lang='lat' dir='ltr'>genera·</span> <span class='ocrx_word' id='word_1_68' title='bbox 2244 1023 2823 1122; x_wconf 88' lang='lat' dir='ltr'>unumquodque</span> <span class='ocrx_word' id='word_1_69' title='bbox 2876 1020 2977 1096; x_wconf 91' lang='lat' dir='ltr'>est</span> <span class='ocrx_word' id='word_1_70' title='bbox 3029 1021 3122 1096; x_wconf 88' lang='lat' dir='ltr'>ab</span> <span class='ocrx_word' id='word_1_71' title='bbox 3177 1018 3328 1096; x_wconf 89' lang='lat' dir='ltr'>alio</span> <span class='ocrx_word' id='word_1_72' title='bbox 3377 1019 3835 1106; x_wconf 65' lang='lat' dir='ltr'>distinflum.</span> 
     </span>
     <span class='ocr_line' id='line_1_8' title="bbox 564 1121 3839 1226; baseline -0.001 -20"><span class='ocrx_word' id='word_1_73' title='bbox 564 1128 798 1207; x_wconf 77' lang='lat' dir='ltr'>&#39;tionis</span> <span class='ocrx_word' id='word_1_74' title='bbox 853 1152 1074 1225; x_wconf 89' lang='lat' dir='ltr'>quam</span> <span class='ocrx_word' id='word_1_75' title='bbox 1146 1129 1347 1222; x_wconf 78' lang='lat' dir='ltr'>esse,</span> <span class='ocrx_word' id='word_1_76' title='bbox 1416 1127 1617 1226; x_wconf 85' lang='lat' dir='ltr'>quod</span> <span class='ocrx_word' id='word_1_77' title='bbox 1687 1123 1785 1202; x_wconf 91' lang='lat' dir='ltr'>est</span> <span class='ocrx_word' id='word_1_78' title='bbox 1839 1123 2142 1203; x_wconf 55' lang='lat' dir='ltr'>effecius</span> <span class='ocrx_word' id='word_1_79' title='bbox 2245 1123 2492 1203; x_wconf 85' lang='lat' dir='ltr'>Nihil</span> <span class='ocrx_word' id='word_1_80' title='bbox 2547 1123 2774 1222; x_wconf 85' lang='lat' dir='ltr'>igitur</span> <span class='ocrx_word' id='word_1_81' title='bbox 2827 1121 3031 1221; x_wconf 82' lang='lat' dir='ltr'>cujus</span> <span class='ocrx_word' id='word_1_82' title='bbox 3104 1123 3242 1199; x_wconf 84' lang='lat' dir='ltr'>esse</span> <span class='ocrx_word' id='word_1_83' title='bbox 3320 1121 3620 1202; x_wconf 85' lang='lat' dir='ltr'>finitum</span> <span class='ocrx_word' id='word_1_84' title='bbox 3692 1125 3839 1223; x_wconf 82' lang='lat' dir='ltr'>est,</span> 
     </span>
     <span class='ocr_line' id='line_1_9' title="bbox 575 1223 3839 1328; baseline -0.001 -20"><span class='ocrx_word' id='word_1_85' title='bbox 575 1231 1009 1328; x_wconf 78' lang='lat' dir='ltr'>respondens</span> <span class='ocrx_word' id='word_1_86' title='bbox 1084 1228 1360 1308; x_wconf 61' lang='lat' dir='ltr'>actioni</span> <span class='ocrx_word' id='word_1_87' title='bbox 1454 1227 1678 1327; x_wconf 91' lang='lat' dir='ltr'>primi</span> <span class='ocrx_word' id='word_1_88' title='bbox 1730 1228 2068 1306; x_wconf 63' lang='lat' dir='ltr'>:creantis</span> <span class='ocrx_word' id='word_1_89' title='bbox 2120 1284 2139 1303; x_wconf 88' lang='lat'><strong><em>.</em></strong></span> <span class='ocrx_word' id='word_1_90' title='bbox 2244 1226 2474 1326; x_wconf 84' lang='lat' dir='ltr'>potest</span> <span class='ocrx_word' id='word_1_91' title='bbox 2555 1249 2684 1327; x_wconf 92' lang='lat' dir='ltr'>per</span> <span class='ocrx_word' id='word_1_92' title='bbox 2742 1225 2943 1304; x_wconf 87' lang='lat' dir='ltr'>suam</span> <span class='ocrx_word' id='word_1_93' title='bbox 2998 1223 3368 1306; x_wconf 64' lang='lat' dir='ltr'>actionem</span> <span class='ocrx_word' id='word_1_94' title='bbox 3429 1226 3569 1303; x_wconf 79' lang='lat' dir='ltr'>effe</span> <span class='ocrx_word' id='word_1_95' title='bbox 3622 1231 3839 1307; x_wconf 84' lang='lat' dir='ltr'>causa-</span> 
     </span>
     <span class='ocr_line' id='line_1_10' title="bbox 576 1325 3836 1436; baseline -0 -26"><span class='ocrx_word' id='word_1_96' title='bbox 576 1335 744 1410; x_wconf 88' lang='lat' dir='ltr'>Hoc</span> <span class='ocrx_word' id='word_1_97' title='bbox 798 1351 1045 1412; x_wconf 82' lang='lat' dir='ltr'>autem</span> <span class='ocrx_word' id='word_1_98' title='bbox 1101 1332 1195 1408; x_wconf 89' lang='lat' dir='ltr'>est</span> <span class='ocrx_word' id='word_1_99' title='bbox 1222 1332 1895 1433; x_wconf 75' lang='lat' dir='ltr'>imposfibilemam</span> <span class='ocrx_word' id='word_1_100' title='bbox 1915 1355 2136 1436; x_wconf 90' lang='lat' dir='ltr'>quan·</span> <span class='ocrx_word' id='word_1_101' title='bbox 2240 1328 2483 1410; x_wconf 87' lang='lat' dir='ltr'>finalis</span> <span class='ocrx_word' id='word_1_102' title='bbox 2537 1328 2832 1407; x_wconf 85' lang='lat' dir='ltr'>alterius</span> <span class='ocrx_word' id='word_1_103' title='bbox 2863 1384 2889 1423; x_wconf 83' lang='lat'>‚</span> <span class='ocrx_word' id='word_1_104' title='bbox 2941 1325 3077 1405; x_wconf 73' lang='lat' dir='ltr'>nisi</span> <span class='ocrx_word' id='word_1_105' title='bbox 3133 1347 3494 1425; x_wconf 88' lang='lat' dir='ltr'>quantum</span> <span class='ocrx_word' id='word_1_106' title='bbox 3546 1331 3634 1407; x_wconf 87' lang='lat' dir='ltr'>ad</span> <span class='ocrx_word' id='word_1_107' title='bbox 3688 1331 3836 1410; x_wconf 75' lang='lat' dir='ltr'>hoe</span> 
     </span>
     <span class='ocr_line' id='line_1_11' title="bbox 573 1430 3836 1533; baseline 0 -22"><span class='ocrx_word' id='word_1_108' title='bbox 573 1452 653 1512; x_wconf 92' lang='lat' dir='ltr'>to</span> <span class='ocrx_word' id='word_1_109' title='bbox 706 1433 985 1533; x_wconf 86' lang='lat' dir='ltr'>aliquid</span> <span class='ocrx_word' id='word_1_110' title='bbox 1037 1434 1134 1512; x_wconf 91' lang='lat' dir='ltr'>est</span> <span class='ocrx_word' id='word_1_111' title='bbox 1188 1434 1702 1528; x_wconf 79' lang='lat' dir='ltr'>communius,</span> <span class='ocrx_word' id='word_1_112' title='bbox 1756 1451 1965 1528; x_wconf 81' lang='lat' dir='ltr'>tanto</span> <span class='ocrx_word' id='word_1_113' title='bbox 2035 1430 2135 1510; x_wconf 88' lang='lat' dir='ltr'>est</span> <span class='ocrx_word' id='word_1_114' title='bbox 2240 1434 2438 1533; x_wconf 90' lang='lat' dir='ltr'>quod</span> <span class='ocrx_word' id='word_1_115' title='bbox 2493 1433 2715 1510; x_wconf 88' lang='lat' dir='ltr'>habet</span> <span class='ocrx_word' id='word_1_116' title='bbox 2767 1454 3039 1530; x_wconf 78' lang='lat' dir='ltr'>genuS,</span> <span class='ocrx_word' id='word_1_117' title='bbox 3093 1448 3219 1508; x_wconf 90' lang='lat' dir='ltr'>aut</span> <span class='ocrx_word' id='word_1_118' title='bbox 3261 1431 3619 1530; x_wconf 69' lang='lat' dir='ltr'>speciem3</span> <span class='ocrx_word' id='word_1_119' title='bbox 3675 1460 3836 1512; x_wconf 87' lang='lat' dir='ltr'>non</span> 
     </span>
     <span class='ocr_line' id='line_1_12' title="bbox 572 1532 3833 1637; baseline 0.001 -26"><span class='ocrx_word' id='word_1_120' title='bbox 572 1536 770 1635; x_wconf 92' lang='lat' dir='ltr'>prius</span> <span class='ocrx_word' id='word_1_121' title='bbox 825 1536 901 1614; x_wconf 89' lang='lat' dir='ltr'>in</span> <span class='ocrx_word' id='word_1_122' title='bbox 954 1537 1078 1615; x_wconf 89' lang='lat' dir='ltr'>via</span> <span class='ocrx_word' id='word_1_123' title='bbox 1129 1538 1671 1637; x_wconf 77' lang='lat' dir='ltr'>generationis,</span> <span class='ocrx_word' id='word_1_124' title='bbox 1727 1535 1901 1636; x_wconf 84' lang='lat' dir='ltr'>ficut</span> <span class='ocrx_word' id='word_1_125' title='bbox 1940 1535 2140 1635; x_wconf 88' lang='lat' dir='ltr'>prius</span> <span class='ocrx_word' id='word_1_126' title='bbox 2237 1554 2487 1615; x_wconf 89' lang='lat' dir='ltr'>autem</span> <span class='ocrx_word' id='word_1_127' title='bbox 2540 1553 2898 1637; x_wconf 77' lang='lat' dir='ltr'>quantum</span> <span class='ocrx_word' id='word_1_128' title='bbox 2949 1534 3043 1611; x_wconf 87' lang='lat' dir='ltr'>ad</span> <span class='ocrx_word' id='word_1_129' title='bbox 3097 1532 3237 1611; x_wconf 90' lang='lat' dir='ltr'>hoc</span> <span class='ocrx_word' id='word_1_130' title='bbox 3277 1535 3476 1632; x_wconf 88' lang='lat' dir='ltr'>quod</span> <span class='ocrx_word' id='word_1_131' title='bbox 3524 1533 3833 1615; x_wconf 76' lang='lat' dir='ltr'>subsistit</span> 
     </span>
     <span class='ocr_line' id='line_1_13' title="bbox 556 1635 3829 1739; baseline 0.001 -26"><span class='ocrx_word' id='word_1_132' title='bbox 556 1635 668 1714; x_wconf 60' lang='lat' dir='ltr'>&gt;est</span> <span class='ocrx_word' id='word_1_133' title='bbox 722 1638 996 1716; x_wconf 87' lang='lat' dir='ltr'>animal</span> <span class='ocrx_word' id='word_1_134' title='bbox 1051 1666 1273 1739; x_wconf 90' lang='lat' dir='ltr'>quam</span> <span class='ocrx_word' id='word_1_135' title='bbox 1328 1640 1556 1718; x_wconf 93' lang='lat' dir='ltr'>homo</span> <span class='ocrx_word' id='word_1_136' title='bbox 1613 1638 1689 1716; x_wconf 89' lang='lat' dir='ltr'>in</span> <span class='ocrx_word' id='word_1_137' title='bbox 1732 1638 2137 1737; x_wconf 86' lang='lat' dir='ltr'>generatio·</span> <span class='ocrx_word' id='word_1_138' title='bbox 2240 1639 2336 1714; x_wconf 90' lang='lat' dir='ltr'>ab</span> <span class='ocrx_word' id='word_1_139' title='bbox 2368 1637 2531 1717; x_wconf 87' lang='lat' dir='ltr'>aliis</span> <span class='ocrx_word' id='word_1_140' title='bbox 2563 1635 3310 1717; x_wconf 63' lang='lat' dir='ltr'>distinssum.0mne</span> <span class='ocrx_word' id='word_1_141' title='bbox 3341 1637 3569 1735; x_wconf 84' lang='lat' dir='ltr'>igitur</span> <span class='ocrx_word' id='word_1_142' title='bbox 3589 1658 3829 1737; x_wconf 80' lang='lat' dir='ltr'>agens</span> 
     </span>
     <span class='ocr_line' id='line_1_14' title="bbox 568 1737 3829 1838; baseline 0 -22"><span class='ocrx_word' id='word_1_143' title='bbox 568 1764 665 1816; x_wconf 91' lang='lat' dir='ltr'>ne</span> <span class='ocrx_word' id='word_1_144' title='bbox 719 1739 1088 1836; x_wconf 84' lang='lat' dir='ltr'>hominis,</span> <span class='ocrx_word' id='word_1_145' title='bbox 1161 1740 1336 1821; x_wconf 87' lang='lat' dir='ltr'>ficut</span> <span class='ocrx_word' id='word_1_146' title='bbox 1406 1739 1886 1838; x_wconf 78' lang='lat' dir='ltr'>Philosophus</span> <span class='ocrx_word' id='word_1_147' title='bbox 1956 1738 2137 1820; x_wconf 85' lang='lat' dir='ltr'>dicit</span> <span class='ocrx_word' id='word_1_148' title='bbox 2238 1739 2537 1822; x_wconf 89' lang='lat' dir='ltr'>finitum</span> <span class='ocrx_word' id='word_1_149' title='bbox 2613 1737 3106 1838; x_wconf 80' lang='lat' dir='ltr'>praesupponit</span> <span class='ocrx_word' id='word_1_150' title='bbox 3177 1738 3268 1814; x_wconf 87' lang='lat' dir='ltr'>ad</span> <span class='ocrx_word' id='word_1_151' title='bbox 3342 1738 3541 1814; x_wconf 85' lang='lat' dir='ltr'>suam</span> <span class='ocrx_word' id='word_1_152' title='bbox 3597 1738 3829 1822; x_wconf 70' lang='lat' dir='ltr'>afflo-</span> 
     </span>
     <span class='ocr_line' id='line_1_15' title="bbox 569 1839 3826 1944; baseline 0.001 -28"><span class='ocrx_word' id='word_1_153' title='bbox 569 1840 650 1917; x_wconf 91' lang='lat' dir='ltr'>in</span> <span class='ocrx_word' id='word_1_154' title='bbox 705 1842 940 1920; x_wconf 88' lang='lat' dir='ltr'>Libro</span> <span class='ocrx_word' id='word_1_155' title='bbox 992 1846 1080 1921; x_wconf 89' lang='lat' dir='ltr'>de</span> <span class='ocrx_word' id='word_1_156' title='bbox 1133 1843 1606 1944; x_wconf 72' lang='lat' dir='ltr'>generatione</span> <span class='ocrx_word' id='word_1_157' title='bbox 1658 1841 2137 1920; x_wconf 78' lang='lat' dir='ltr'>animalium.</span> <span class='ocrx_word' id='word_1_158' title='bbox 2238 1868 2413 1920; x_wconf 91' lang='lat' dir='ltr'>nem</span> <span class='ocrx_word' id='word_1_159' title='bbox 2471 1841 2651 1935; x_wconf 80' lang='lat' dir='ltr'>hoc,</span> <span class='ocrx_word' id='word_1_160' title='bbox 2704 1842 2894 1919; x_wconf 90' lang='lat' dir='ltr'>unde</span> <span class='ocrx_word' id='word_1_161' title='bbox 2946 1839 3317 1917; x_wconf 89' lang='lat' dir='ltr'>causatum</span> <span class='ocrx_word' id='word_1_162' title='bbox 3375 1840 3583 1920; x_wconf 86' lang='lat' dir='ltr'>suum</span> <span class='ocrx_word' id='word_1_163' title='bbox 3636 1840 3826 1920; x_wconf 81' lang='lat' dir='ltr'>indi-</span> 
     </span>
     <span class='ocr_line' id='line_1_16' title="bbox 570 1941 3829 2048; baseline 0 -26"><span class='ocrx_word' id='word_1_164' title='bbox 570 1943 1020 2044; x_wconf 86' lang='lat' dir='ltr'>Impoffibile</span> <span class='ocrx_word' id='word_1_165' title='bbox 1077 1947 1175 2024; x_wconf 90' lang='lat' dir='ltr'>est</span> <span class='ocrx_word' id='word_1_166' title='bbox 1228 1969 1408 2045; x_wconf 85' lang='lat' dir='ltr'>ergo</span> <span class='ocrx_word' id='word_1_167' title='bbox 1443 1945 1642 2044; x_wconf 87' lang='lat' dir='ltr'>quod</span> <span class='ocrx_word' id='word_1_168' title='bbox 1674 1943 2132 2048; x_wconf 81' lang='lat' dir='ltr'>aliquacrea-</span> <span class='ocrx_word' id='word_1_169' title='bbox 2234 1943 2634 2022; x_wconf 85' lang='lat' dir='ltr'>vidualiter</span> <span class='ocrx_word' id='word_1_170' title='bbox 2690 1941 3040 2021; x_wconf 78' lang='lat' dir='ltr'>subsistit.</span> <span class='ocrx_word' id='word_1_171' title='bbox 3115 1943 3300 2020; x_wconf 90' lang='lat' dir='ltr'>Non</span> <span class='ocrx_word' id='word_1_172' title='bbox 3354 1965 3531 2042; x_wconf 86' lang='lat' dir='ltr'>ergo</span> <span class='ocrx_word' id='word_1_173' title='bbox 3581 1960 3829 2039; x_wconf 85' lang='lat' dir='ltr'>creat;</span> 
     </span>
     <span class='ocr_line' id='line_1_17' title="bbox 462 2042 3824 2149; baseline 0.002 -31"><span class='ocrx_word' id='word_1_174' title='bbox 462 2111 467 2117; x_wconf 87' lang='lat'><strong>.</strong></span> <span class='ocrx_word' id='word_1_175' title='bbox 565 2061 727 2122; x_wconf 90' lang='lat' dir='ltr'>tura</span> <span class='ocrx_word' id='word_1_176' title='bbox 779 2065 977 2128; x_wconf 87' lang='lat' dir='ltr'>creet</span> <span class='ocrx_word' id='word_1_177' title='bbox 1030 2048 1206 2128; x_wconf 87' lang='lat' dir='ltr'>ficut</span> <span class='ocrx_word' id='word_1_178' title='bbox 1260 2048 1667 2149; x_wconf 82' lang='lat' dir='ltr'>principale</span> <span class='ocrx_word' id='word_1_179' title='bbox 1717 2060 2136 2146; x_wconf 84' lang='lat' dir='ltr'>agens,aut</span> <span class='ocrx_word' id='word_1_180' title='bbox 2236 2046 2358 2128; x_wconf 8' lang='lat' dir='ltr'>sed*</span> <span class='ocrx_word' id='word_1_181' title='bbox 2412 2046 2646 2126; x_wconf 91' lang='lat' dir='ltr'>solum</span> <span class='ocrx_word' id='word_1_182' title='bbox 2718 2046 2860 2125; x_wconf 84' lang='lat' dir='ltr'>hoc</span> <span class='ocrx_word' id='word_1_183' title='bbox 2911 2042 3010 2123; x_wconf 92' lang='lat' dir='ltr'>est</span> <span class='ocrx_word' id='word_1_184' title='bbox 3061 2044 3346 2144; x_wconf 87' lang='lat' dir='ltr'>agentis</span> <span class='ocrx_word' id='word_1_185' title='bbox 3421 2043 3626 2139; x_wconf 84' lang='lat' dir='ltr'>cujus</span> <span class='ocrx_word' id='word_1_186' title='bbox 3679 2049 3824 2127; x_wconf 83' lang='lat' dir='ltr'>esl&#39;e</span> 
     </span>
     <span class='ocr_line' id='line_1_18' title="bbox 519 2144 3824 2241; baseline 0.002 -20"><span class='ocrx_word' id='word_1_187' title='bbox 519 2144 1153 2231; x_wconf 76' lang='lat' dir='ltr'>‚instrumentale.</span> <span class='ocrx_word' id='word_1_188' title='bbox 2227 2148 2329 2227; x_wconf 91' lang='lat' dir='ltr'>est</span> <span class='ocrx_word' id='word_1_189' title='bbox 2384 2147 2764 2231; x_wconf 89' lang='lat' dir='ltr'>infinitum</span> <span class='ocrx_word' id='word_1_190' title='bbox 2802 2202 2830 2241; x_wconf 83' lang='lat'>,</span> <span class='ocrx_word' id='word_1_191' title='bbox 2953 2147 3098 2224; x_wconf 91' lang='lat' dir='ltr'>uod</span> <span class='ocrx_word' id='word_1_192' title='bbox 3171 2144 3272 2223; x_wconf 92' lang='lat' dir='ltr'>est</span> <span class='ocrx_word' id='word_1_193' title='bbox 3324 2147 3570 2225; x_wconf 83' lang='lat' dir='ltr'>omnis</span> <span class='ocrx_word' id='word_1_194' title='bbox 3625 2151 3824 2228; x_wconf 86' lang='lat' dir='ltr'>entis</span> 
     </span>
     <span class='ocr_line' id='line_1_19' title="bbox 662 2247 3822 2354; baseline 0.002 -28"><span class='ocrx_word' id='word_1_195' title='bbox 662 2275 733 2349; x_wconf 85' lang='lat'>7.</span> <span class='ocrx_word' id='word_1_196' title='bbox 792 2254 984 2329; x_wconf 87' lang='lat' dir='ltr'>Item</span> <span class='ocrx_word' id='word_1_197' title='bbox 1019 2310 1040 2329; x_wconf 89' lang='lat'><strong>.</strong></span> <span class='ocrx_word' id='word_1_198' title='bbox 1113 2252 1338 2354; x_wconf 84' lang='lat' dir='ltr'>Quod</span> <span class='ocrx_word' id='word_1_199' title='bbox 1392 2249 1492 2329; x_wconf 86' lang='lat' dir='ltr'>est</span> <span class='ocrx_word' id='word_1_200' title='bbox 1547 2251 1943 2333; x_wconf 85' lang='lat' dir='ltr'>secundum</span> <span class='ocrx_word' id='word_1_201' title='bbox 1994 2249 2125 2327; x_wconf 84' lang='lat' dir='ltr'>ali-</span> <span class='ocrx_word' id='word_1_202' title='bbox 2224 2249 2856 2352; x_wconf 83' lang='lat' dir='ltr'>comprehendens</span> <span class='ocrx_word' id='word_1_203' title='bbox 2936 2247 3463 2327; x_wconf 81' lang='lat' dir='ltr'>mulitudinem</span> <span class='ocrx_word' id='word_1_204' title='bbox 3493 2304 3521 2343; x_wconf 83' lang='lat'>,</span> <span class='ocrx_word' id='word_1_205' title='bbox 3572 2264 3657 2327; x_wconf 89' lang='lat' dir='ltr'>ut</span> <span class='ocrx_word' id='word_1_206' title='bbox 3710 2250 3822 2332; x_wconf 79' lang='lat' dir='ltr'>su.-</span> 
     </span>
     <span class='ocr_line' id='line_1_20' title="bbox 557 2350 3800 2454; baseline -0 -26"><span class='ocrx_word' id='word_1_207' title='bbox 557 2375 780 2450; x_wconf 81' lang='lat' dir='ltr'>quam</span> <span class='ocrx_word' id='word_1_208' title='bbox 837 2371 1174 2432; x_wconf 86' lang='lat' dir='ltr'>naturam</span> <span class='ocrx_word' id='word_1_209' title='bbox 1245 2372 1532 2433; x_wconf 86' lang='lat' dir='ltr'>tantum</span> <span class='ocrx_word' id='word_1_210' title='bbox 1569 2409 1597 2448; x_wconf 87' lang='lat'>.,</span> <span class='ocrx_word' id='word_1_211' title='bbox 1667 2379 1821 2431; x_wconf 91' lang='lat' dir='ltr'>non</span> <span class='ocrx_word' id='word_1_212' title='bbox 1894 2350 2123 2453; x_wconf 91' lang='lat' dir='ltr'>potest</span> <span class='ocrx_word' id='word_1_213' title='bbox 2229 2378 2358 2454; x_wconf 87' lang='lat' dir='ltr'>pra</span> <span class='ocrx_word' id='word_1_214' title='bbox 2413 2351 2772 2430; x_wconf 80' lang='lat' dir='ltr'>ostensum</span> <span class='ocrx_word' id='word_1_215' title='bbox 2826 2350 2923 2429; x_wconf 86' lang='lat' dir='ltr'>est</span> <span class='ocrx_word' id='word_1_216' title='bbox 2959 2408 2978 2427; x_wconf 88' lang='lat'><strong><em>.</em></strong></span> <span class='ocrx_word' id='word_1_217' title='bbox 3729 2433 3742 2440; x_wconf 65' lang='grc'><strong>,</strong></span> <span class='ocrx_word' id='word_1_218' title='bbox 3793 2427 3800 2436; x_wconf 77' lang='grc'><em>,</em></span> 
     </span>
     <span class='ocr_line' id='line_1_21' title="bbox 557 2452 3823 2554; baseline 0.002 -26"><span class='ocrx_word' id='word_1_219' title='bbox 557 2455 695 2529; x_wconf 79' lang='lat' dir='ltr'>effe</span> <span class='ocrx_word' id='word_1_220' title='bbox 751 2452 1174 2554; x_wconf 69' lang='lat' dir='ltr'>[impliciter</span> <span class='ocrx_word' id='word_1_221' title='bbox 1246 2456 1443 2535; x_wconf 90' lang='lat' dir='ltr'>illius</span> <span class='ocrx_word' id='word_1_222' title='bbox 1516 2473 1785 2534; x_wconf 84' lang='lat' dir='ltr'>naturae</span> <span class='ocrx_word' id='word_1_223' title='bbox 1838 2456 2047 2533; x_wconf 85' lang='lat' dir='ltr'>causa</span> <span class='ocrx_word' id='word_1_224' title='bbox 2097 2508 2125 2549; x_wconf 86' lang='lat'><strong>‚</strong></span> <span class='ocrx_word' id='word_1_225' title='bbox 2336 2482 2402 2552; x_wconf 86' lang='grc'>9.</span> <span class='ocrx_word' id='word_1_226' title='bbox 2460 2453 2980 2544; x_wconf 83' lang='lat' dir='ltr'>Adhuc.Cum</span> <span class='ocrx_word' id='word_1_227' title='bbox 3034 2479 3256 2532; x_wconf 89' lang='lat' dir='ltr'>omne</span> <span class='ocrx_word' id='word_1_228' title='bbox 3291 2457 3488 2554; x_wconf 90' lang='lat' dir='ltr'>quod</span> <span class='ocrx_word' id='word_1_229' title='bbox 3539 2452 3670 2549; x_wconf 86' lang='lat' dir='ltr'>fit,</span> <span class='ocrx_word' id='word_1_230' title='bbox 3723 2457 3823 2536; x_wconf 82' lang='lat' dir='ltr'>ad</span> 
     </span>
     <span class='ocr_line' id='line_1_22' title="bbox 555 2554 3818 2659; baseline 0.001 -28"><span class='ocrx_word' id='word_1_231' title='bbox 555 2555 729 2633; x_wconf 83' lang='lat' dir='ltr'>esset</span> <span class='ocrx_word' id='word_1_232' title='bbox 782 2558 985 2636; x_wconf 89' lang='lat' dir='ltr'>enim</span> <span class='ocrx_word' id='word_1_233' title='bbox 1065 2559 1170 2637; x_wconf 91' lang='lat' dir='ltr'>sui</span> <span class='ocrx_word' id='word_1_234' title='bbox 1249 2558 1466 2659; x_wconf 82' lang='lat' dir='ltr'>ipsms</span> <span class='ocrx_word' id='word_1_235' title='bbox 1535 2559 1801 2637; x_wconf 86' lang='lat' dir='ltr'>causa:</span> <span class='ocrx_word' id='word_1_236' title='bbox 1888 2556 2119 2658; x_wconf 91' lang='lat' dir='ltr'>potest</span> <span class='ocrx_word' id='word_1_237' title='bbox 2222 2557 2366 2636; x_wconf 91' lang='lat' dir='ltr'>hoc</span> <span class='ocrx_word' id='word_1_238' title='bbox 2421 2555 2549 2634; x_wconf 90' lang='lat' dir='ltr'>fiat</span> <span class='ocrx_word' id='word_1_239' title='bbox 2621 2575 2704 2634; x_wconf 92' lang='lat' dir='ltr'>ut</span> <span class='ocrx_word' id='word_1_240' title='bbox 2779 2555 2924 2648; x_wconf 69' lang='lat' dir='ltr'>fit3</span> <span class='ocrx_word' id='word_1_241' title='bbox 2994 2574 3339 2653; x_wconf 79' lang='lat' dir='ltr'>oportet,</span> <span class='ocrx_word' id='word_1_242' title='bbox 3409 2554 3457 2630; x_wconf 87' lang='lat' dir='ltr'>fi</span> <span class='ocrx_word' id='word_1_243' title='bbox 3532 2557 3818 2654; x_wconf 88' lang='lat' dir='ltr'>aliquid</span> 
     </span>
     <span class='ocr_line' id='line_1_23' title="bbox 550 2653 3813 2755; baseline 0.001 -24"><span class='ocrx_word' id='word_1_244' title='bbox 550 2675 799 2737; x_wconf 83' lang='lat' dir='ltr'>autem</span> <span class='ocrx_word' id='word_1_245' title='bbox 854 2657 996 2737; x_wconf 80' lang='lat' dir='ltr'>effe</span> <span class='ocrx_word' id='word_1_246' title='bbox 1045 2662 1257 2739; x_wconf 88' lang='lat' dir='ltr'>causa</span> <span class='ocrx_word' id='word_1_247' title='bbox 1312 2660 1512 2738; x_wconf 89' lang='lat' dir='ltr'>illius</span> <span class='ocrx_word' id='word_1_248' title='bbox 1549 2679 1823 2739; x_wconf 85' lang='lat' dir='ltr'>naturae</span> <span class='ocrx_word' id='word_1_249' title='bbox 1854 2660 1931 2736; x_wconf 94' lang='lat' dir='ltr'>in</span> <span class='ocrx_word' id='word_1_250' title='bbox 1952 2662 2119 2753; x_wconf 86' lang='lat' dir='ltr'>hoc,</span> <span class='ocrx_word' id='word_1_251' title='bbox 2221 2658 2383 2736; x_wconf 87' lang='lat' dir='ltr'>fieri</span> <span class='ocrx_word' id='word_1_252' title='bbox 2436 2659 2719 2736; x_wconf 82' lang='lat' dir='ltr'>dicatur</span> <span class='ocrx_word' id='word_1_253' title='bbox 2772 2659 2969 2755; x_wconf 90' lang='lat' dir='ltr'>quod</span> <span class='ocrx_word' id='word_1_254' title='bbox 3023 2656 3222 2754; x_wconf 89' lang='lat' dir='ltr'>prius</span> <span class='ocrx_word' id='word_1_255' title='bbox 3272 2653 3493 2733; x_wconf 87' lang='lat' dir='ltr'>fuerit</span> <span class='ocrx_word' id='word_1_256' title='bbox 3526 2708 3554 2749; x_wconf 87' lang='lat'><strong>‚</strong></span> <span class='ocrx_word' id='word_1_257' title='bbox 3660 2660 3813 2739; x_wconf 88' lang='lat' dir='ltr'>uod</span> 
     </span>
     <span class='ocr_line' id='line_1_24' title="bbox 552 2754 3813 2858; baseline 0 -22"><span class='ocrx_word' id='word_1_258' title='bbox 552 2755 733 2836; x_wconf 82' lang='lat' dir='ltr'>ficut</span> <span class='ocrx_word' id='word_1_259' title='bbox 784 2759 995 2838; x_wconf 90' lang='lat' dir='ltr'>Plato</span> <span class='ocrx_word' id='word_1_260' title='bbox 1046 2761 1145 2838; x_wconf 92' lang='lat' dir='ltr'>est</span> <span class='ocrx_word' id='word_1_261' title='bbox 1197 2761 1408 2840; x_wconf 86' lang='lat' dir='ltr'>causa</span> <span class='ocrx_word' id='word_1_262' title='bbox 1461 2761 1794 2838; x_wconf 83' lang='lat' dir='ltr'>humanae</span> <span class='ocrx_word' id='word_1_263' title='bbox 1849 2778 2126 2840; x_wconf 72' lang='lat' dir='ltr'>natura:</span> <span class='ocrx_word' id='word_1_264' title='bbox 2228 2758 2367 2837; x_wconf 89' lang='lat' dir='ltr'>hoc</span> <span class='ocrx_word' id='word_1_265' title='bbox 2422 2785 2569 2836; x_wconf 91' lang='lat' dir='ltr'>non</span> <span class='ocrx_word' id='word_1_266' title='bbox 2624 2758 2752 2834; x_wconf 87' lang='lat' dir='ltr'>fiat</span> <span class='ocrx_word' id='word_1_267' title='bbox 2790 2758 3058 2855; x_wconf 82' lang='lat' dir='ltr'>per-se,</span> <span class='ocrx_word' id='word_1_268' title='bbox 3110 2754 3229 2832; x_wconf 89' lang='lat' dir='ltr'>sed</span> <span class='ocrx_word' id='word_1_269' title='bbox 3281 2781 3409 2858; x_wconf 88' lang='lat' dir='ltr'>per</span> <span class='ocrx_word' id='word_1_270' title='bbox 3447 2758 3600 2837; x_wconf 88' lang='lat' dir='ltr'>acci</span> <span class='ocrx_word' id='word_1_271' title='bbox 3653 2782 3813 2854; x_wconf 72' lang='lat' dir='ltr'>ens-5</span> 
     </span>
     <span class='ocr_line' id='line_1_25' title="bbox 556 2857 3812 2962; baseline 0.002 -28"><span class='ocrx_word' id='word_1_272' title='bbox 556 2857 637 2935; x_wconf 89' lang='lat' dir='ltr'>in</span> <span class='ocrx_word' id='word_1_273' title='bbox 691 2862 950 2954; x_wconf 76' lang='lat' dir='ltr'>Sorte,</span> <span class='ocrx_word' id='word_1_274' title='bbox 1005 2888 1154 2940; x_wconf 89' lang='lat' dir='ltr'>non</span> <span class='ocrx_word' id='word_1_275' title='bbox 1208 2879 1457 2940; x_wconf 87' lang='lat' dir='ltr'>autem</span> <span class='ocrx_word' id='word_1_276' title='bbox 1512 2861 1937 2960; x_wconf 71' lang='lat' dir='ltr'>{impliciter</span> <span class='ocrx_word' id='word_1_277' title='bbox 1972 2917 1997 2957; x_wconf 89' lang='lat'><strong>‚</strong></span> <span class='ocrx_word' id='word_1_278' title='bbox 2033 2888 2130 2940; x_wconf 90' lang='lat' dir='ltr'>eo</span> <span class='ocrx_word' id='word_1_279' title='bbox 2227 2887 2358 2962; x_wconf 87' lang='lat' dir='ltr'>per</span> <span class='ocrx_word' id='word_1_280' title='bbox 2409 2859 2482 2938; x_wconf 86' lang='lat' dir='ltr'>se</span> <span class='ocrx_word' id='word_1_281' title='bbox 2533 2883 2713 2938; x_wconf 91' lang='lat' dir='ltr'>vero</span> <span class='ocrx_word' id='word_1_282' title='bbox 2750 2858 2933 2938; x_wconf 87' lang='lat' dir='ltr'>illud</span> <span class='ocrx_word' id='word_1_283' title='bbox 2987 2862 3182 2958; x_wconf 91' lang='lat' dir='ltr'>quod</span> <span class='ocrx_word' id='word_1_284' title='bbox 3210 2860 3410 2960; x_wconf 91' lang='lat' dir='ltr'>prius</span> <span class='ocrx_word' id='word_1_285' title='bbox 3459 2886 3614 2939; x_wconf 91' lang='lat' dir='ltr'>non</span> <span class='ocrx_word' id='word_1_286' title='bbox 3652 2860 3812 2942; x_wconf 86' lang='lat' dir='ltr'>fue-</span> 
     </span>
     <span class='ocr_line' id='line_1_26' title="bbox 554 2959 3812 3062; baseline 0.003 -26"><span class='ocrx_word' id='word_1_287' title='bbox 554 2959 755 3058; x_wconf 91' lang='lat' dir='ltr'>quod</span> <span class='ocrx_word' id='word_1_288' title='bbox 806 2960 956 3060; x_wconf 89' lang='lat' dir='ltr'>ipse</span> <span class='ocrx_word' id='word_1_289' title='bbox 1010 2963 1106 3040; x_wconf 91' lang='lat' dir='ltr'>est</span> <span class='ocrx_word' id='word_1_290' title='bbox 1160 2980 1444 3041; x_wconf 89' lang='lat' dir='ltr'>creatus</span> <span class='ocrx_word' id='word_1_291' title='bbox 1497 2963 1577 3042; x_wconf 89' lang='lat' dir='ltr'>in</span> <span class='ocrx_word' id='word_1_292' title='bbox 1632 2965 1955 3043; x_wconf 88' lang='lat' dir='ltr'>humana</span> <span class='ocrx_word' id='word_1_293' title='bbox 1993 2991 2115 3042; x_wconf 85' lang='lat' dir='ltr'>na·</span> <span class='ocrx_word' id='word_1_294' title='bbox 2219 2964 2359 3053; x_wconf 70' lang='lat' dir='ltr'>rit3</span> <span class='ocrx_word' id='word_1_295' title='bbox 2438 2980 2520 3043; x_wconf 92' lang='lat' dir='ltr'>ut</span> <span class='ocrx_word' id='word_1_296' title='bbox 2571 2961 2620 3039; x_wconf 78' lang='lat' dir='ltr'>si</span> <span class='ocrx_word' id='word_1_297' title='bbox 2676 2987 2765 3041; x_wconf 86' lang='lat' dir='ltr'>ex</span> <span class='ocrx_word' id='word_1_298' title='bbox 2839 2961 3014 3042; x_wconf 87' lang='lat' dir='ltr'>albo</span> <span class='ocrx_word' id='word_1_299' title='bbox 3083 2959 3215 3040; x_wconf 89' lang='lat' dir='ltr'>fiat</span> <span class='ocrx_word' id='word_1_300' title='bbox 3288 2963 3585 3062; x_wconf 85' lang='lat' dir='ltr'>nigrum</span> <span class='ocrx_word' id='word_1_301' title='bbox 3619 3018 3648 3061; x_wconf 86' lang='lat'>‚</span> <span class='ocrx_word' id='word_1_302' title='bbox 3687 2964 3812 3046; x_wconf 60' lang='lat' dir='ltr'>“fit</span> 
     </span>
     <span class='ocr_line' id='line_1_27' title="bbox 545 3065 3820 3168; baseline 0.003 -29"><span class='ocrx_word' id='word_1_303' title='bbox 545 3077 744 3139; x_wconf 83' lang='lat' dir='ltr'>tura.</span> <span class='ocrx_word' id='word_1_304' title='bbox 802 3065 1026 3163; x_wconf 90' lang='lat' dir='ltr'>Quod</span> <span class='ocrx_word' id='word_1_305' title='bbox 1078 3083 1327 3143; x_wconf 89' lang='lat' dir='ltr'>autem</span> <span class='ocrx_word' id='word_1_306' title='bbox 1380 3065 1480 3144; x_wconf 88' lang='lat' dir='ltr'>est</span> <span class='ocrx_word' id='word_1_307' title='bbox 1549 3068 1756 3146; x_wconf 86' lang='lat' dir='ltr'>causa</span> <span class='ocrx_word' id='word_1_308' title='bbox 1809 3066 2119 3164; x_wconf 80' lang='lat' dir='ltr'>alicujus</span> <span class='ocrx_word' id='word_1_309' title='bbox 2219 3066 2523 3168; x_wconf 91' lang='lat' dir='ltr'>quidem</span> <span class='ocrx_word' id='word_1_310' title='bbox 2578 3065 2874 3166; x_wconf 83' lang='lat' dir='ltr'>nigrum</span> <span class='ocrx_word' id='word_1_311' title='bbox 2910 3120 2935 3160; x_wconf 89' lang='lat'><strong>‚</strong></span> <span class='ocrx_word' id='word_1_312' title='bbox 3009 3065 3086 3144; x_wconf 80' lang='lat'>8&lt;</span> <span class='ocrx_word' id='word_1_313' title='bbox 3137 3066 3611 3162; x_wconf 77' lang='lat' dir='ltr'>coloratum3</span> <span class='ocrx_word' id='word_1_314' title='bbox 3689 3067 3820 3161; x_wconf 73' lang='lat' dir='ltr'>sed</span> 
     </span>
     <span class='ocr_line' id='line_1_28' title="bbox 544 3161 3815 3271; baseline 0.002 -28"><span class='ocrx_word' id='word_1_315' title='bbox 544 3161 627 3243; x_wconf 90' lang='lat' dir='ltr'>in</span> <span class='ocrx_word' id='word_1_316' title='bbox 681 3163 869 3259; x_wconf 82' lang='lat' dir='ltr'>hoe,</span> <span class='ocrx_word' id='word_1_317' title='bbox 922 3164 1021 3242; x_wconf 88' lang='lat' dir='ltr'>est</span> <span class='ocrx_word' id='word_1_318' title='bbox 1076 3169 1479 3249; x_wconf 81' lang='lat' dir='ltr'>attribuens</span> <span class='ocrx_word' id='word_1_319' title='bbox 1532 3189 1865 3249; x_wconf 87' lang='lat' dir='ltr'>naturam</span> <span class='ocrx_word' id='word_1_320' title='bbox 1907 3198 2111 3249; x_wconf 85' lang='lat' dir='ltr'>com·</span> <span class='ocrx_word' id='word_1_321' title='bbox 2215 3173 2516 3270; x_wconf 85' lang='lat' dir='ltr'>nigrum</span> <span class='ocrx_word' id='word_1_322' title='bbox 2571 3195 2698 3271; x_wconf 92' lang='lat' dir='ltr'>per</span> <span class='ocrx_word' id='word_1_323' title='bbox 2752 3170 2866 3264; x_wconf 84' lang='lat' dir='ltr'>se,</span> <span class='ocrx_word' id='word_1_324' title='bbox 2937 3169 3112 3269; x_wconf 90' lang='lat' dir='ltr'>quia</span> <span class='ocrx_word' id='word_1_325' title='bbox 3164 3167 3252 3249; x_wconf 91' lang='lat' dir='ltr'>fit</span> <span class='ocrx_word' id='word_1_326' title='bbox 3325 3195 3414 3249; x_wconf 82' lang='lat' dir='ltr'>ex</span> <span class='ocrx_word' id='word_1_327' title='bbox 3486 3197 3638 3250; x_wconf 90' lang='lat' dir='ltr'>non</span> <span class='ocrx_word' id='word_1_328' title='bbox 3694 3172 3815 3251; x_wconf 86' lang='lat' dir='ltr'>ni-</span> 
     </span>
     <span class='ocr_line' id='line_1_29' title="bbox 542 3268 3807 3372; baseline 0.002 -30"><span class='ocrx_word' id='word_1_329' title='bbox 542 3287 854 3344; x_wconf 88' lang='lat' dir='ltr'>munem</span> <span class='ocrx_word' id='word_1_330' title='bbox 905 3268 1173 3362; x_wconf 87' lang='lat' dir='ltr'>alicui,</span> <span class='ocrx_word' id='word_1_331' title='bbox 1227 3295 1354 3369; x_wconf 88' lang='lat' dir='ltr'>per</span> <span class='ocrx_word' id='word_1_332' title='bbox 1403 3273 1603 3371; x_wconf 85' lang='lat' dir='ltr'>quod</span> <span class='ocrx_word' id='word_1_333' title='bbox 1631 3273 2113 3369; x_wconf 75' lang='lat' dir='ltr'>specificatur,</span> <span class='ocrx_word' id='word_1_334' title='bbox 2211 3298 2392 3372; x_wconf 58' lang='grc' dir='ltr'>ἔτος</span> <span class='ocrx_word' id='word_1_335' title='bbox 2445 3272 2858 3351; x_wconf 87' lang='lat' dir='ltr'>coloratum</span> <span class='ocrx_word' id='word_1_336' title='bbox 2925 3290 3173 3349; x_wconf 82' lang='lat' dir='ltr'>autem</span> <span class='ocrx_word' id='word_1_337' title='bbox 3245 3296 3378 3369; x_wconf 88' lang='lat' dir='ltr'>per</span> <span class='ocrx_word' id='word_1_338' title='bbox 3423 3272 3807 3350; x_wconf 88' lang='lat' dir='ltr'>accidens:</span> 
     </span>
     <span class='ocr_line' id='line_1_30' title="bbox 539 3367 3803 3473; baseline 0.003 -32"><span class='ocrx_word' id='word_1_339' title='bbox 539 3367 662 3442; x_wconf 90' lang='lat' dir='ltr'>vel</span> <span class='ocrx_word' id='word_1_340' title='bbox 726 3367 1278 3453; x_wconf 88' lang='lat' dir='ltr'>individuatur:</span> <span class='ocrx_word' id='word_1_341' title='bbox 1359 3373 1557 3471; x_wconf 91' lang='lat' dir='ltr'>quod</span> <span class='ocrx_word' id='word_1_342' title='bbox 1652 3397 1821 3473; x_wconf 40' lang='lat' dir='ltr'>non,</span> <span class='ocrx_word' id='word_1_343' title='bbox 1881 3372 2111 3472; x_wconf 84' lang='lat' dir='ltr'>potest</span> <span class='ocrx_word' id='word_1_344' title='bbox 2214 3398 2392 3449; x_wconf 84' lang='lat' dir='ltr'>nam</span> <span class='ocrx_word' id='word_1_345' title='bbox 2447 3373 2644 3471; x_wconf 88' lang='lat' dir='ltr'>prius</span> <span class='ocrx_word' id='word_1_346' title='bbox 2695 3373 3106 3449; x_wconf 84' lang='lat' dir='ltr'>coloratum</span> <span class='ocrx_word' id='word_1_347' title='bbox 3144 3387 3336 3448; x_wconf 88' lang='lat' dir='ltr'>erat.</span> <span class='ocrx_word' id='word_1_348' title='bbox 3393 3371 3516 3450; x_wconf 90' lang='lat' dir='ltr'>Sic</span> <span class='ocrx_word' id='word_1_349' title='bbox 3566 3372 3803 3470; x_wconf 82' lang='lat' dir='ltr'>igitur</span> 
     </span>
     <span class='ocr_line' id='line_1_31' title="bbox 540 3468 3806 3577; baseline 0.003 -34"><span class='ocrx_word' id='word_1_350' title='bbox 540 3468 684 3546; x_wconf 75' lang='lat' dir='ltr'>effe</span> <span class='ocrx_word' id='word_1_351' title='bbox 735 3493 866 3568; x_wconf 89' lang='lat' dir='ltr'>per</span> <span class='ocrx_word' id='word_1_352' title='bbox 913 3473 1413 3566; x_wconf 80' lang='lat' dir='ltr'>creationem,</span> <span class='ocrx_word' id='word_1_353' title='bbox 1480 3498 1639 3572; x_wconf 83' lang='lat' dir='ltr'>quae</span> <span class='ocrx_word' id='word_1_354' title='bbox 1695 3473 1884 3577; x_wconf 77' lang='lat' dir='ltr'>nihil</span> <span class='ocrx_word' id='word_1_355' title='bbox 1940 3499 2111 3573; x_wconf 80' lang='lat' dir='ltr'>prae·</span> <span class='ocrx_word' id='word_1_356' title='bbox 2214 3474 2389 3552; x_wconf 81' lang='lat' dir='ltr'>cum</span> <span class='ocrx_word' id='word_1_357' title='bbox 2440 3472 2527 3550; x_wconf 89' lang='lat' dir='ltr'>fit</span> <span class='ocrx_word' id='word_1_358' title='bbox 2578 3472 2878 3571; x_wconf 86' lang='lat' dir='ltr'>aliquod</span> <span class='ocrx_word' id='word_1_359' title='bbox 2931 3496 3110 3564; x_wconf 76' lang='lat' dir='ltr'>ens,</span> <span class='ocrx_word' id='word_1_360' title='bbox 3186 3487 3270 3548; x_wconf 90' lang='lat' dir='ltr'>ut</span> <span class='ocrx_word' id='word_1_361' title='bbox 3321 3470 3602 3567; x_wconf 79' lang='lat' dir='ltr'>home,</span> <span class='ocrx_word' id='word_1_362' title='bbox 3674 3470 3806 3553; x_wconf 86' lang='lat' dir='ltr'>vel</span> 
     </span>
     <span class='ocr_line' id='line_1_32' title="bbox 450 3567 3798 3677; baseline 0.003 -31"><span class='ocrx_word' id='word_1_363' title='bbox 450 3600 471 3623; x_wconf 89' lang='lat'><strong>·</strong></span> <span class='ocrx_word' id='word_1_364' title='bbox 537 3567 614 3648; x_wconf 87' lang='lat' dir='ltr'>su</span> <span class='ocrx_word' id='word_1_365' title='bbox 670 3572 881 3670; x_wconf 89' lang='lat' dir='ltr'>ponit</span> <span class='ocrx_word' id='word_1_366' title='bbox 930 3576 1049 3653; x_wconf 89' lang='lat' dir='ltr'>cui</span> <span class='ocrx_word' id='word_1_367' title='bbox 1105 3573 1386 3675; x_wconf 91' lang='lat' dir='ltr'>aliquid</span> <span class='ocrx_word' id='word_1_368' title='bbox 1454 3574 1903 3655; x_wconf 87' lang='lat' dir='ltr'>attribuatur</span> <span class='ocrx_word' id='word_1_369' title='bbox 1974 3600 2108 3677; x_wconf 82' lang='lat' dir='ltr'>per</span> <span class='ocrx_word' id='word_1_370' title='bbox 2205 3576 2438 3676; x_wconf 78' lang='lat' dir='ltr'>lapis:‚</span> <span class='ocrx_word' id='word_1_371' title='bbox 2490 3574 2723 3652; x_wconf 86' lang='lat' dir='ltr'>homo</span> <span class='ocrx_word' id='word_1_372' title='bbox 2769 3572 3069 3674; x_wconf 87' lang='lat' dir='ltr'>quidem</span> <span class='ocrx_word' id='word_1_373' title='bbox 3121 3591 3252 3672; x_wconf 85' lang='lat' dir='ltr'>per</span> <span class='ocrx_word' id='word_1_374' title='bbox 3302 3570 3372 3649; x_wconf 90' lang='lat' dir='ltr'>se</span> <span class='ocrx_word' id='word_1_375' title='bbox 3424 3571 3565 3668; x_wconf 72' lang='lat' dir='ltr'>fit,</span> <span class='ocrx_word' id='word_1_376' title='bbox 3613 3575 3798 3674; x_wconf 76' lang='lat' dir='ltr'>qnia.</span> 
     </span>
     <span class='ocr_line' id='line_1_33' title="bbox 532 3595 3798 3778; baseline 0.002 -29"><span class='ocrx_word' id='word_1_377' title='bbox 532 3595 946 3752; x_wconf 57' lang='grc' dir='ltr'><strong>αξξίοτιειῃ.</strong></span> <span class='ocrx_word' id='word_1_378' title='bbox 1011 3675 1458 3776; x_wconf 74' lang='lat' dir='ltr'>Impossibile</span> <span class='ocrx_word' id='word_1_379' title='bbox 1530 3676 1628 3754; x_wconf 90' lang='lat' dir='ltr'>est</span> <span class='ocrx_word' id='word_1_380' title='bbox 1699 3678 1929 3778; x_wconf 86' lang='lat' dir='ltr'>igitur</span> <span class='ocrx_word' id='word_1_381' title='bbox 1976 3678 2103 3755; x_wconf 86' lang='lat' dir='ltr'>ali·</span> <span class='ocrx_word' id='word_1_382' title='bbox 2208 3705 2300 3758; x_wconf 81' lang='lat' dir='ltr'>ex</span> <span class='ocrx_word' id='word_1_383' title='bbox 2351 3703 2502 3757; x_wconf 91' lang='lat' dir='ltr'>non</span> <span class='ocrx_word' id='word_1_384' title='bbox 2556 3676 2909 3771; x_wconf 73' lang='lat' dir='ltr'>hominet,</span> <span class='ocrx_word' id='word_1_385' title='bbox 2963 3684 3388 3755; x_wconf 84' lang='lat' dir='ltr'>ens&#39;autem</span> <span class='ocrx_word' id='word_1_386' title='bbox 3444 3700 3575 3777; x_wconf 92' lang='lat' dir='ltr'>per</span> <span class='ocrx_word' id='word_1_387' title='bbox 3606 3676 3798 3759; x_wconf 85' lang='lat' dir='ltr'>acci-</span> 
     </span>
     <span class='ocr_line' id='line_1_34' title="bbox 531 3778 3796 3879; baseline 0.002 -28"><span class='ocrx_word' id='word_1_388' title='bbox 531 3778 732 3874; x_wconf 91' lang='lat' dir='ltr'>quod</span> <span class='ocrx_word' id='word_1_389' title='bbox 784 3801 913 3856; x_wconf 88' lang='lat' dir='ltr'>ens</span> <span class='ocrx_word' id='word_1_390' title='bbox 961 3799 1294 3858; x_wconf 88' lang='lat' dir='ltr'>creatum</span> <span class='ocrx_word' id='word_1_391' title='bbox 1367 3780 1507 3856; x_wconf 88' lang='lat' dir='ltr'>esse</span> <span class='ocrx_word' id='word_1_392' title='bbox 1581 3782 1873 3859; x_wconf 86' lang='lat' dir='ltr'>causam</span> <span class='ocrx_word' id='word_1_393' title='bbox 1927 3781 2101 3859; x_wconf 87' lang='lat' dir='ltr'>alte·</span> <span class='ocrx_word' id='word_1_394' title='bbox 2205 3783 2437 3876; x_wconf 85' lang='lat' dir='ltr'>dens,</span> <span class='ocrx_word' id='word_1_395' title='bbox 2541 3781 2665 3858; x_wconf 83' lang='lat' dir='ltr'>uia</span> <span class='ocrx_word' id='word_1_396' title='bbox 2718 3806 2869 3858; x_wconf 88' lang='lat' dir='ltr'>non</span> <span class='ocrx_word' id='word_1_397' title='bbox 2925 3804 3016 3858; x_wconf 86' lang='lat' dir='ltr'>ex</span> <span class='ocrx_word' id='word_1_398' title='bbox 3087 3803 3242 3856; x_wconf 84' lang='lat' dir='ltr'>non</span> <span class='ocrx_word' id='word_1_399' title='bbox 3292 3792 3466 3858; x_wconf 89' lang='lat' dir='ltr'>ente</span> <span class='ocrx_word' id='word_1_400' title='bbox 3518 3778 3796 3879; x_wconf 61' lang='lat' dir='ltr'>fimplie·</span> 
     </span>
     <span class='ocr_line' id='line_1_35' title="bbox 531 3874 3796 3985; baseline 0.003 -34"><span class='ocrx_word' id='word_1_401' title='bbox 531 3874 682 3954; x_wconf 90' lang='lat' dir='ltr'>rius</span> <span class='ocrx_word' id='word_1_402' title='bbox 734 3902 866 3978; x_wconf 88' lang='lat' dir='ltr'>per</span> <span class='ocrx_word' id='word_1_403' title='bbox 914 3881 1411 3960; x_wconf 84' lang='lat' dir='ltr'>creationem.</span> <span class='ocrx_word' id='word_1_404' title='bbox 1578 3978 1586 3985; x_wconf 16' lang='grc' dir='ltr'>ἢ</span> <span class='ocrx_word' id='word_1_405' title='bbox 1900 3928 1909 3937; x_wconf 84' lang='grc'>·</span> <span class='ocrx_word' id='word_1_406' title='bbox 2208 3884 2441 3977; x_wconf 86' lang='lat' dir='ltr'>citer,</span> <span class='ocrx_word' id='word_1_407' title='bbox 2524 3885 2614 3963; x_wconf 88' lang='lat' dir='ltr'>ed</span> <span class='ocrx_word' id='word_1_408' title='bbox 2665 3908 2755 3961; x_wconf 85' lang='lat' dir='ltr'>ex</span> <span class='ocrx_word' id='word_1_409' title='bbox 2811 3909 2962 3961; x_wconf 88' lang='lat' dir='ltr'>non</span> <span class='ocrx_word' id='word_1_410' title='bbox 3013 3900 3183 3960; x_wconf 87' lang='lat' dir='ltr'>ente</span> <span class='ocrx_word' id='word_1_411' title='bbox 3235 3880 3374 3959; x_wconf 90' lang='lat' dir='ltr'>hoc</span> <span class='ocrx_word' id='word_1_412' title='bbox 3408 3936 3436 3975; x_wconf 83' lang='lat'>‚</span> <span class='ocrx_word' id='word_1_413' title='bbox 3487 3900 3572 3963; x_wconf 93' lang='lat' dir='ltr'>ut</span> <span class='ocrx_word' id='word_1_414' title='bbox 3625 3880 3796 3965; x_wconf 84' lang='lat' dir='ltr'>Phi-</span> 
     </span>
     <span class='ocr_line' id='line_1_36' title="bbox 643 3981 3803 4087; baseline 0.003 -33"><span class='ocrx_word' id='word_1_415' title='bbox 643 3983 709 4054; x_wconf 88' lang='lat'>8.</span> <span class='ocrx_word' id='word_1_416' title='bbox 768 3981 1149 4081; x_wconf 84' lang='lat' dir='ltr'>Amplius.</span> <span class='ocrx_word' id='word_1_417' title='bbox 1188 3987 1382 4062; x_wconf 91' lang='lat' dir='ltr'>Cum</span> <span class='ocrx_word' id='word_1_418' title='bbox 1426 4009 1652 4064; x_wconf 73' lang='lat' dir='ltr'>omne</span> <span class='ocrx_word' id='word_1_419' title='bbox 1682 4010 1908 4087; x_wconf 87' lang='lat' dir='ltr'>agens</span> <span class='ocrx_word' id='word_1_420' title='bbox 1940 4000 2114 4086; x_wconf 86' lang='lat' dir='ltr'>agat</span> <span class='ocrx_word' id='word_1_421' title='bbox 2216 3985 2568 4086; x_wconf 86' lang='lat' dir='ltr'>losophus</span> <span class='ocrx_word' id='word_1_422' title='bbox 2639 3986 2821 4065; x_wconf 87' lang='lat' dir='ltr'>dicit</span> <span class='ocrx_word' id='word_1_423' title='bbox 2890 3985 2970 4063; x_wconf 91' lang='lat' dir='ltr'>in</span> <span class='ocrx_word' id='word_1_424' title='bbox 3048 3987 3104 4062; x_wconf 90' lang='grc' dir='ltr'>Ι.</span> <span class='ocrx_word' id='word_1_425' title='bbox 3176 3981 3458 4087; x_wconf 88' lang='lat' dir='ltr'>Phyfic.</span> <span class='ocrx_word' id='word_1_426' title='bbox 3543 3986 3803 4083; x_wconf 71' lang='lat' dir='ltr'>(text.</span> 
     </span>
     <span class='ocr_line' id='line_1_37' title="bbox 534 4075 3798 4188; baseline 0.004 -35"><span class='ocrx_word' id='word_1_427' title='bbox 534 4075 931 4160; x_wconf 86' lang='lat' dir='ltr'>secundum</span> <span class='ocrx_word' id='word_1_428' title='bbox 984 4084 1183 4182; x_wconf 91' lang='lat' dir='ltr'>quod</span> <span class='ocrx_word' id='word_1_429' title='bbox 1216 4082 1384 4162; x_wconf 58' lang='lat' dir='ltr'>actu</span> <span class='ocrx_word' id='word_1_430' title='bbox 1413 4088 1566 4181; x_wconf 83' lang='lat' dir='ltr'>est,</span> <span class='ocrx_word' id='word_1_431' title='bbox 1618 4104 1913 4188; x_wconf 89' lang='lat' dir='ltr'>oportet</span> <span class='ocrx_word' id='word_1_432' title='bbox 1961 4116 2117 4167; x_wconf 90' lang='lat' dir='ltr'>rno-</span> <span class='ocrx_word' id='word_1_433' title='bbox 2215 4114 2493 4183; x_wconf 85' lang='lat' dir='ltr'>comm.</span> <span class='ocrx_word' id='word_1_434' title='bbox 2583 4090 2684 4165; x_wconf 87' lang='lat'>11.</span> <span class='ocrx_word' id='word_1_435' title='bbox 2736 4090 2764 4187; x_wconf 92' lang='lat'><em>)</em></span> <span class='ocrx_word' id='word_1_436' title='bbox 2839 4092 3036 4166; x_wconf 88' lang='lat' dir='ltr'>Cum</span> <span class='ocrx_word' id='word_1_437' title='bbox 3109 4111 3289 4185; x_wconf 84' lang='lat' dir='ltr'>ergo</span> <span class='ocrx_word' id='word_1_438' title='bbox 3354 4086 3666 4186; x_wconf 85' lang='lat' dir='ltr'>aliquid.</span> <span class='ocrx_word' id='word_1_439' title='bbox 3705 4086 3798 4168; x_wconf 86' lang='lat' dir='ltr'>fit</span> 
     </span>
     <span class='ocr_line' id='line_1_38' title="bbox 532 4178 3798 4286; baseline 0.005 -32"><span class='ocrx_word' id='word_1_440' title='bbox 532 4178 712 4256; x_wconf 90' lang='lat' dir='ltr'>dum</span> <span class='ocrx_word' id='word_1_441' title='bbox 763 4181 1076 4263; x_wconf 66' lang='lat' dir='ltr'>aetionis</span> <span class='ocrx_word' id='word_1_442' title='bbox 1146 4187 1287 4261; x_wconf 80' lang='lat' dir='ltr'>effe</span> <span class='ocrx_word' id='word_1_443' title='bbox 1341 4186 1734 4267; x_wconf 88' lang='lat' dir='ltr'>secundum</span> <span class='ocrx_word' id='word_1_444' title='bbox 1806 4192 2112 4269; x_wconf 88' lang='lat' dir='ltr'>modum</span> <span class='ocrx_word' id='word_1_445' title='bbox 2214 4190 2530 4269; x_wconf 83' lang='lat' dir='ltr'>omnino</span> <span class='ocrx_word' id='word_1_446' title='bbox 2579 4197 2672 4270; x_wconf 76' lang='lat' dir='ltr'>‘ex</span> <span class='ocrx_word' id='word_1_447' title='bbox 2720 4216 2872 4271; x_wconf 91' lang='lat' dir='ltr'>non</span> <span class='ocrx_word' id='word_1_448' title='bbox 2924 4207 3138 4284; x_wconf 83' lang='lat' dir='ltr'>ente,</span> <span class='ocrx_word' id='word_1_449' title='bbox 3190 4214 3319 4266; x_wconf 87' lang='lat' dir='ltr'>ens</span> <span class='ocrx_word' id='word_1_450' title='bbox 3353 4212 3482 4286; x_wconf 89' lang='lat' dir='ltr'>per</span> <span class='ocrx_word' id='word_1_451' title='bbox 3534 4188 3605 4266; x_wconf 87' lang='lat' dir='ltr'>se</span> <span class='ocrx_word' id='word_1_452' title='bbox 3643 4187 3798 4270; x_wconf 82' lang='lat' dir='ltr'>fiet.</span> 
     </span>
     <span class='ocr_line' id='line_1_39' title="bbox 533 4278 3798 4396; baseline 0.005 -42"><span class='ocrx_word' id='word_1_453' title='bbox 533 4278 739 4358; x_wconf 64' lang='lat' dir='ltr'>auus</span> <span class='ocrx_word' id='word_1_454' title='bbox 792 4282 991 4396; x_wconf 33' lang='lat' dir='ltr'>ill-ius</span> <span class='ocrx_word' id='word_1_455' title='bbox 1037 4286 1201 4364; x_wconf 79' lang='lat' dir='ltr'>rei:</span> <span class='ocrx_word' id='word_1_456' title='bbox 1256 4288 1451 4365; x_wconf 88' lang='lat' dir='ltr'>unde</span> <span class='ocrx_word' id='word_1_457' title='bbox 1499 4290 1865 4387; x_wconf 86' lang='lat' dir='ltr'>calidum,</span> <span class='ocrx_word' id='word_1_458' title='bbox 1915 4293 2113 4393; x_wconf 85' lang='lat' dir='ltr'>quod</span> <span class='ocrx_word' id='word_1_459' title='bbox 2218 4297 2541 4394; x_wconf 87' lang='lat' dir='ltr'>Oportet</span> <span class='ocrx_word' id='word_1_460' title='bbox 2610 4294 2842 4393; x_wconf 84' lang='lat' dir='ltr'>igitur</span> <span class='ocrx_word' id='word_1_461' title='bbox 2901 4292 3099 4393; x_wconf 92' lang='lat' dir='ltr'>quod</span> <span class='ocrx_word' id='word_1_462' title='bbox 3168 4291 3264 4369; x_wconf 90' lang='lat' dir='ltr'>ab</span> <span class='ocrx_word' id='word_1_463' title='bbox 3331 4314 3426 4369; x_wconf 89' lang='lat' dir='ltr'>eo</span> <span class='ocrx_word' id='word_1_464' title='bbox 3483 4293 3622 4392; x_wconf 86' lang='lat' dir='ltr'>qui</span> <span class='ocrx_word' id='word_1_465' title='bbox 3651 4289 3798 4371; x_wconf 67' lang='lat' dir='ltr'>”est</span> 
     </span>
     <span class='ocr_line' id='line_1_40' title="bbox 531 4377 3796 4500; baseline 0.006 -44"><span class='ocrx_word' id='word_1_466' title='bbox 531 4377 636 4457; x_wconf 87' lang='lat' dir='ltr'>est</span> <span class='ocrx_word' id='word_1_467' title='bbox 688 4405 929 4498; x_wconf 79' lang='lat' dir='ltr'>magis</span> <span class='ocrx_word' id='word_1_468' title='bbox 981 4386 1058 4500; x_wconf 74' lang='lat' dir='ltr'>in</span> <span class='ocrx_word' id='word_1_469' title='bbox 1112 4387 1281 4467; x_wconf 65' lang='lat' dir='ltr'>aelu</span> <span class='ocrx_word' id='word_1_470' title='bbox 1331 4392 1596 4472; x_wconf 86' lang='lat' dir='ltr'>caloris</span> <span class='ocrx_word' id='word_1_471' title='bbox 1633 4449 1661 4488; x_wconf 82' lang='lat'>,</span> <span class='ocrx_word' id='word_1_472' title='bbox 1713 4396 1953 4493; x_wconf 88' lang='lat' dir='ltr'>magis</span> <span class='ocrx_word' id='word_1_473' title='bbox 2000 4422 2112 4472; x_wconf 89' lang='lat' dir='ltr'>ca·</span> <span class='ocrx_word' id='word_1_474' title='bbox 2214 4395 2469 4497; x_wconf 69' lang='lat' dir='ltr'>perse</span> <span class='ocrx_word' id='word_1_475' title='bbox 2521 4397 2731 4475; x_wconf 83' lang='lat' dir='ltr'>causa</span> <span class='ocrx_word' id='word_1_476' title='bbox 2784 4394 3106 4488; x_wconf 73' lang='lat' dir='ltr'>essendi,</span> <span class='ocrx_word' id='word_1_477' title='bbox 3176 4394 3558 4495; x_wconf 80' lang='lat' dir='ltr'>procedat:</span> <span class='ocrx_word' id='word_1_478' title='bbox 3613 4419 3796 4475; x_wconf 84' lang='lat' dir='ltr'>nam</span> 
     </span>
     <span class='ocr_line' id='line_1_41' title="bbox 531 4480 3796 4601; baseline 0.004 -41"><span class='ocrx_word' id='word_1_479' title='bbox 531 4480 824 4601; x_wconf 64' lang='lat' dir='ltr'>lefacit.</span> <span class='ocrx_word' id='word_1_480' title='bbox 877 4489 1420 4591; x_wconf 58' lang='lat' dir='ltr'>Cuiuscumque</span> <span class='ocrx_word' id='word_1_481' title='bbox 1468 4495 1698 4595; x_wconf 88' lang='lat' dir='ltr'>igitur</span> <span class='ocrx_word' id='word_1_482' title='bbox 1734 4495 1936 4575; x_wconf 61' lang='lat' dir='ltr'>acius</span> <span class='ocrx_word' id='word_1_483' title='bbox 1988 4499 2109 4575; x_wconf 86' lang='lat' dir='ltr'>de·</span> <span class='ocrx_word' id='word_1_484' title='bbox 2212 4496 2516 4577; x_wconf 60' lang='lat' dir='ltr'>effeetus</span> <span class='ocrx_word' id='word_1_485' title='bbox 2542 4495 3192 4600; x_wconf 85' lang='lat' dir='ltr'>proportionaliter</span> <span class='ocrx_word' id='word_1_486' title='bbox 3228 4499 3671 4576; x_wconf 88' lang='lat' dir='ltr'>reducuntur</span> <span class='ocrx_word' id='word_1_487' title='bbox 3710 4496 3796 4574; x_wconf 82' lang='lat' dir='ltr'>in</span> 
     </span>
     <span class='ocr_line' id='line_1_42' title="bbox 527 4592 3796 4700; baseline 0.005 -39"><span class='ocrx_word' id='word_1_488' title='bbox 527 4597 965 4667; x_wconf 79' lang='lat' dir='ltr'>terminatur</span> <span class='ocrx_word' id='word_1_489' title='bbox 1015 4592 1106 4671; x_wconf 89' lang='lat' dir='ltr'>ad</span> <span class='ocrx_word' id='word_1_490' title='bbox 1156 4616 1387 4691; x_wconf 86' lang='lat' dir='ltr'>genus</span> <span class='ocrx_word' id='word_1_491' title='bbox 1418 4650 1446 4690; x_wconf 84' lang='lat'>,</span> <span class='ocrx_word' id='word_1_492' title='bbox 1480 4598 1570 4675; x_wconf 87' lang='lat'>·&amp;</span> <span class='ocrx_word' id='word_1_493' title='bbox 1623 4598 1715 4676; x_wconf 87' lang='lat' dir='ltr'>ad</span> <span class='ocrx_word' id='word_1_494' title='bbox 1765 4598 2109 4700; x_wconf 86' lang='lat' dir='ltr'>speciem,</span> <span class='ocrx_word' id='word_1_495' title='bbox 2208 4602 2457 4679; x_wconf 80' lang='lat' dir='ltr'>causas</span> <span class='ocrx_word' id='word_1_496' title='bbox 2483 4658 2506 4678; x_wconf 88' lang='lat'><strong>.</strong></span> <span class='ocrx_word' id='word_1_497' title='bbox 2578 4605 2747 4680; x_wconf 87' lang='lat' dir='ltr'>Hoc</span> <span class='ocrx_word' id='word_1_498' title='bbox 2797 4617 3046 4679; x_wconf 86' lang='lat' dir='ltr'>autem</span> <span class='ocrx_word' id='word_1_499' title='bbox 3134 4598 3233 4679; x_wconf 85' lang='lat' dir='ltr'>est</span> <span class='ocrx_word' id='word_1_500' title='bbox 3285 4599 3612 4699; x_wconf 89' lang='lat' dir='ltr'>primum</span> <span class='ocrx_word' id='word_1_501' title='bbox 3662 4624 3796 4680; x_wconf 81' lang='lat' dir='ltr'>ens</span> 
     </span>
     <span class='ocr_line' id='line_1_43' title="bbox 526 4684 3794 4807; baseline 0.006 -43"><span class='ocrx_word' id='word_1_502' title='bbox 526 4684 602 4766; x_wconf 82' lang='lat'>8&lt;</span> <span class='ocrx_word' id='word_1_503' title='bbox 652 4690 987 4807; x_wconf 73' lang='lat' dir='ltr'>accidens</span> <span class='ocrx_word' id='word_1_504' title='bbox 1014 4748 1040 4790; x_wconf 84' lang='lat'>,</span> <span class='ocrx_word' id='word_1_505' title='bbox 1092 4692 1246 4792; x_wconf 83' lang='lat' dir='ltr'>ejus</span> <span class='ocrx_word' id='word_1_506' title='bbox 1295 4696 1649 4776; x_wconf 88' lang='lat' dir='ltr'>virtutem</span> <span class='ocrx_word' id='word_1_507' title='bbox 1682 4704 1977 4799; x_wconf 87' lang='lat' dir='ltr'>oportet</span> <span class='ocrx_word' id='word_1_508' title='bbox 2009 4700 2108 4778; x_wconf 83' lang='lat' dir='ltr'>es·</span> <span class='ocrx_word' id='word_1_509' title='bbox 2210 4703 2491 4797; x_wconf 76' lang='lat' dir='ltr'>solum,</span> <span class='ocrx_word' id='word_1_510' title='bbox 2542 4705 2739 4804; x_wconf 88' lang='lat' dir='ltr'>quod</span> <span class='ocrx_word' id='word_1_511' title='bbox 2790 4703 2892 4782; x_wconf 91' lang='lat' dir='ltr'>est</span> <span class='ocrx_word' id='word_1_512' title='bbox 2943 4703 3153 4784; x_wconf 90' lang='lat' dir='ltr'>causa</span> <span class='ocrx_word' id='word_1_513' title='bbox 3182 4703 3376 4783; x_wconf 87' lang='lat' dir='ltr'>entis</span> <span class='ocrx_word' id='word_1_514' title='bbox 3399 4754 3426 4796; x_wconf 87' lang='lat'>‚</span> <span class='ocrx_word' id='word_1_515' title='bbox 3479 4703 3794 4804; x_wconf 87' lang='lat' dir='ltr'>inquan-</span> 
     </span>
     <span class='ocr_line' id='line_1_44' title="bbox 523 4786 3794 4902; baseline 0.003 -38"><span class='ocrx_word' id='word_1_516' title='bbox 523 4786 596 4864; x_wconf 87' lang='lat' dir='ltr'>se</span> <span class='ocrx_word' id='word_1_517' title='bbox 647 4788 1207 4876; x_wconf 79' lang='lat' dir='ltr'>determinatam</span> <span class='ocrx_word' id='word_1_518' title='bbox 1287 4800 1379 4876; x_wconf 87' lang='lat' dir='ltr'>ad</span> <span class='ocrx_word' id='word_1_519' title='bbox 1455 4796 1758 4881; x_wconf 62' lang='lat' dir='ltr'>effecius</span> <span class='ocrx_word' id='word_1_520' title='bbox 1835 4802 2105 4884; x_wconf 71' lang='lat' dir='ltr'>similes</span> <span class='ocrx_word' id='word_1_521' title='bbox 2206 4821 2371 4885; x_wconf 92' lang='lat' dir='ltr'>tum</span> <span class='ocrx_word' id='word_1_522' title='bbox 2451 4806 2865 4901; x_wconf 75' lang='lat' dir='ltr'>huiusmodi</span> <span class='ocrx_word' id='word_1_523' title='bbox 2929 4807 3098 4902; x_wconf 75' lang='lat' dir='ltr'>est3</span> <span class='ocrx_word' id='word_1_524' title='bbox 3162 4806 3308 4885; x_wconf 86' lang='lat' dir='ltr'>alia</span> <span class='ocrx_word' id='word_1_525' title='bbox 3379 4806 3794 4884; x_wconf 57' lang='lat' dir='ltr'>vetarunt</span> 
     </span>
     <span class='ocr_line' id='line_1_45' title="bbox 527 4894 3788 5014; baseline 0.006 -39"><span class='ocrx_word' id='word_1_526' title='bbox 527 4894 857 4991; x_wconf 78' lang='lat' dir='ltr'>agentis,</span> <span class='ocrx_word' id='word_1_527' title='bbox 893 4897 1332 5000; x_wconf 88' lang='lat' dir='ltr'>inquantum</span> <span class='ocrx_word' id='word_1_528' title='bbox 1368 4901 1828 4999; x_wconf 78' lang='lat' dir='ltr'>hujusmodi,</span> <span class='ocrx_word' id='word_1_529' title='bbox 1878 4930 1973 4985; x_wconf 82' lang='lat' dir='ltr'>ex</span> <span class='ocrx_word' id='word_1_530' title='bbox 2011 4930 2105 4986; x_wconf 88' lang='lat' dir='ltr'>eo</span> <span class='ocrx_word' id='word_1_531' title='bbox 2202 4908 2415 4987; x_wconf 88' lang='lat' dir='ltr'>causa</span> <span class='ocrx_word' id='word_1_532' title='bbox 2487 4911 2757 4989; x_wconf 80' lang='lat' dir='ltr'>effendi</span> <span class='ocrx_word' id='word_1_533' title='bbox 2831 4936 2962 5014; x_wconf 88' lang='lat' dir='ltr'>per</span> <span class='ocrx_word' id='word_1_534' title='bbox 3028 4911 3408 4993; x_wconf 79' lang='lat' dir='ltr'>accidens,</span> <span class='ocrx_word' id='word_1_535' title='bbox 3476 4903 3552 4976; x_wconf 75' lang='grc'>8(</span> <span class='ocrx_word' id='word_1_536' title='bbox 3631 4925 3788 4978; x_wconf 72' lang='grc' dir='ltr'>ΠΟΠ</span> 
     </span>
    </p>
   </div>
   <div class='ocr_carea' id='block_1_3' title="bbox 519 4996 3787 5184">
    <p class='ocr_par' dir='ltr' id='par_1_3' title="bbox 519 4996 3787 5184">
     <span class='ocr_line' id='line_1_46' title="bbox 519 4996 3787 5184; baseline -0.001 -91"><span class='ocrx_word' id='word_1_537' title='bbox 519 4996 728 5093; x_wconf 73' lang='lat' dir='ltr'>quod</span> <span class='ocrx_word' id='word_1_538' title='bbox 794 5023 1022 5081; x_wconf 83' lang='lat' dir='ltr'>Omne</span> <span class='ocrx_word' id='word_1_539' title='bbox 1091 5024 1313 5103; x_wconf 76' lang='lat' dir='ltr'>agens</span> <span class='ocrx_word' id='word_1_540' title='bbox 1378 5006 1536 5110; x_wconf 83' lang='lat' dir='ltr'>agit</span> <span class='ocrx_word' id='word_1_541' title='bbox 1604 5004 1741 5088; x_wconf 85' lang='lat' dir='ltr'>fibi</span> <span class='ocrx_word' id='word_1_542' title='bbox 1806 5005 2042 5092; x_wconf 76' lang='lat' dir='ltr'>fimtle</span> <span class='ocrx_word' id='word_1_543' title='bbox 2078 5066 2101 5091; x_wconf 89' lang='lat'><strong>.</strong></span> <span class='ocrx_word' id='word_1_544' title='bbox 2202 5036 2334 5112; x_wconf 88' lang='lat' dir='ltr'>per</span> <span class='ocrx_word' id='word_1_545' title='bbox 2383 5011 2494 5095; x_wconf 86' lang='lat' dir='ltr'>se.</span> <span class='ocrx_word' id='word_1_546' title='bbox 2544 5017 2742 5097; x_wconf 88' lang='lat' dir='ltr'>Cum</span> <span class='ocrx_word' id='word_1_547' title='bbox 2787 5013 3020 5119; x_wconf 77' lang='lat' dir='ltr'>igitur</span> <span class='ocrx_word' id='word_1_548' title='bbox 3060 5008 3474 5109; x_wconf 81' lang='lat' dir='ltr'>producere.</span> <span class='ocrx_word' id='word_1_549' title='bbox 3505 5025 3787 5184; x_wconf 49' lang='lat' dir='ltr'>emugl}</span> 
     </span>
    </p>
   </div>
  </div>
 </body>
</html>
