4597 5696
794 369 867 444 5⁶
1401 361 1544 427 DE
1603 327 2193 435 νειιιτΑτΕ
2251 362 2962 433 εΑτΗοιιοΑε
3021 360 3344 431 mom

781 507 939 561 non
987 475 1222 580 potest
1267 489 1518 554 actum
1569 477 1910 555 excedere
1934 534 1962 572 ‚
1984 473 2161 556 ficut
2186 469 2348 558 'nec
2451 477 2658 559 titate
2708 478 3038 580 qualibet
3089 475 3297 560 finita
3338 483 3547 580 data,
3598 479 4012 572 intellectus

784 585 875 780 ἒ
921 602 1413 695 unoquoque,
1486 576 1590 654 ita
1662 600 1798 655 nec
1849 574 2031 677 fimp

868 707 1046 760 uum

2035 578 2277 660 liciter
2325 636 2347 658 .

1185 679 1329 757 itur
1380 677 1685 757 materia
1743 678 1980 778 prima
2050 678 2134 758 fit
2186 680 2349 757 infi-

2450 578 2688 656 noster
2736 578 3095 674 majorem
3118 584 3529 681 excogitare
3548 586 3759 684 posfit
3779 644 3799 663 .
3833 593 4009 668 Fru-

2449 680 2888 759 stra-autem
2939 681 3119 758 esset
3171 683 3321 762 haec
3373 687 3737 765 ordinatio
3793 689 4006 767 intel-

782 784 943 861 nita
996 763 1081 859 in
1162 805 1252 857 ua
1280 777 1815 879 potentialitate
1840 833 1863 874 ,
1914 778 2351 879 relinquitur
2450 779 2677 859 lectus
2726 783 2819 859 ad
2871 780 3295 878 infinitum,
3348 784 3481 861 nisi
3533 788 3710 865 esset
3759 789 4009 890 aliqua

773 885 984 1000 quod
1038 887 1285 975 DeuS‚
1338 879 1468 980 qui
1521 878 1618 956 est
1668 897 1868 958 actus
1919 904 2182 979 purus,
2255 881 2342 961 fit
2443 906 2553 959 res
2609 880 3098 981 intelligibilis
3151 882 3477 963 infinita.
3534 889 3848 986 Oportet
3869 890 4005 988 igi-

777 983 1116 1065 infinitus
1169 982 1248 1058 in
1300 981 1420 1057 sua
1471 980 1887 1060 actualitate
1938 1039 1956 1057 .

1094 1108 1205 1161 em
1230 1140 1249 1159 .
1320 1085 1574 1167 Tanto
1648 1098 1849 1181 actus
1916 1080 2179 1182 aliquis
2218 1082 2332 1161 est

1094 1189 1171 1263 οἰ·
1210 1237 1238 1278 ‚
1310 1198 1588 1281 quanto
1638 1183 1884 1261 minus
1938 1183 2155 1265 habet
2206 1210 2333 1285 po-

1094 1283 1566 1384 permixtum:
1611 1284 1800 1359 unde
1851 1285 2092 1367 omnis
2134 1302 2335 1364 actus

1094 1385 1425 1463 miscetur
1574 1382 1803 1460 tentia
1845 1438 1872 1480 ‚
1925 1383 2141 1463 habet
2195 1401 2333 1464 ter·

1128 1484 1266 1562 suae
1317 1506 1444 1582 per
1475 1480 1780 1562 ectionis
1819 1510 1842 1576 3
1916 1481 2058 1563 cui‘
2088 1503 2335 1565 autem

1094 1583 1455 1662 rmiscetur
1506 1584 1748 1682 aliqua
1800 1586 2126 1682 potentia
2153 1641 2180 1681 ‚
2232 1585 2335 1664 est

1121 1686 1441 1764 termino
1503 1682 1967 1785 perfectionis
2011 1734 2038 1768 .
2136 1690 2339 1766 Deus

1094 1785 1179 1867 est
1231 1804 1431 1868 actus
1451 1807 1667 1887 purus
1693 1785 1958 1885 absque
1985 1788 2340 1886 potentia,

1094 1887 1200 1985 ι(
1244 1913 1338 2003 ‚ca
1387 1914 1631 2004 ..xv1.
1685 1888 1714 1986 )
1763 1885 2122 1969 ostensum
2175 1889 2272 1969 est
2311 1943 2332 1968 .

1094 2013 1189 2067 :ur
1242 2014 1268 2064 1
1374 2005 1570 2068 nitus
1597 2046 1618 2066 .

1094 2087 1352 2185 mplius
1386 2145 1405 2164 .
1489 2090 1735 2186 Ipsum
1806 2092 1951 2170 esse
2004 2092 2325 2169 absolute

1094 2202 1347 2279 atum,
1398 2187 1775 2267 infinitum
1827 2191 1968 2267 est:
2022 2215 2195 2267 nam
2229 2193 2327 2266 ab

1144 2285 1247 2381 (a)
1298 2301 1372 2364 et
1442 2286 1751 2368 infinitis
1804 2290 2041 2366 modis
2114 2289 2331 2387 parti·

1094 2384 1398 2465 >ossibile
1446 2385 1587 2466 est.
1642 2391 1719 2468 Si
1772 2389 1998 2489 igitur
2030 2388 2334 2466 alicuius

1110 2485 1407 2565 finitum
1457 2544 1485 2584 ‚
1535 2505 1823 2592 oportet
1873 2492 2069 2589 quod
2134 2488 2328 2566 limi-

1094 2587 1169 2670 'se
1223 2587 1404 2669 illud
1445 2616 1573 2691 per
1615 2592 1893 2690 aliquid
1914 2591 2113 2671 aliud
2132 2590 2330 2691 quod

1094 2689 1329 2770 raliter
1401 2691 1611 2771 causa
1683 2693 1878 2772 illius
1946 2693 2093 2772 esse
2135 2746 2161 2785 ‚
2209 2689 2335 2772 vel

1094 2817 1233 2871 rum
1283 2791 1479 2891 ejus.
1533 2795 1674 2876 Sed
1724 2795 1868 2880 esse
1920 2792 2156 2875 divini
2178 2817 2332 2872 non

1094 2893 1223 2969 esse
1291 2894 1536 2991 aliqua
1600 2897 1809 2974 causa
1840 2949 1867 2989 ‚
1991 2897 2112 2973 uia
2180 2893 2332 2993 ipse

775 2999 877 3067 est
944 2992 1223 3068 necesse
1298 2994 1444 3070 esse
1522 3019 1650 3092 per
1722 2996 1790 3071 se
1862 2996 1937 3094 ip
1969 3021 2140 3086 um3
2193 3019 2328 3073 nec

778 3089 924 3181 esse
976 3087 1129 3171 eius
1196 3089 1295 3167 est
1367 3095 1818 3193 receptivum
1856 3148 1883 3186 ‚
1954 3120 2124 3174 cum
2173 3094 2324 3192 ipse

779 3188 866 3268 fit
918 3189 1123 3268 suum
1175 3191 1361 3269 esse.
1420 3197 1622 3292 Ergo
1673 3195 1817 3273 esse
1852 3194 2057 3273 suum
2093 3191 2194 3273 est
2214 3195 2323 3273 in-

778 3288 1076 3370 finitum
1113 3345 1141 3383 .,
1193 3293 1267 3369 8<
1321 3292 1467 3392 ipse
1520 3292 1887 3373 infinitus.

803 3391 809 3397 ’
877 3398 950 3469 ό.
1006 3392 1269 3470 Adhuc
1297 3448 1336 3486 ,Ἴ
1373 3396 1625 3472 Omne
1676 3397 1873 3493 quod
1926 3393 2146 3473 habet
2197 3392 2327 3471 ali-

770 3516 998 3593 quam
1049 3491 1618 3593 perfectionem,
1672 3514 1877 3574 tanto
1927 3493 2026 3571 est
2099 3493 2324 3595 perfe-

773 3593 1007 3687 ctius,
1040 3613 1314 3692 quanto
1354 3594 1560 3673 illam
1602 3594 2123 3695 perfectionem
2173 3622 2323 3674 ma-

746 3696 886 3789 ,gis
960 3693 1033 3767 8(
1157 3694 1388 3773 lenius
1463 3698 1847 3796 participat
1885 3753 1903 3771 .
1980 3696 2119 3772 Sed
2169 3722 2322 3773 non

739 3791 1007 3889 ,potest
1059 3816 1098 3866 e
1128 3818 1203 3870 se
1254 3794 1520 3893 aliquis
1550 3799 1855 3889 modus,
1905 3820 2041 3871 nec
2093 3796 2321 3873 etiam

774 3891 1127 3989 cogitari,
1178 3918 1328 3991 quo
1380 3896 1660 3993 plenius
1712 3897 2059 3985 habeatur
2080 3893 2324 3992 aliqua

773 3989 1125 4091 perfectio
1177 4017 1396 4089 quam
1450 3998 1541 4069 ab
1594 4021 1684 4073 eo
1734 3996 1929 4095 quod
1962 4018 2089 4093 per
2122 3994 2323 4071 suam

764 4088 1151 4169 essentiam
1204 4093 1301 4171 est
1354 4091 1811 4193 perfectum,'
1847 4097 1921 4174 8<
1971 4094 2170 4192 cujus
2207 4098 2318 4172 'el-

770 4189 843 4267 se
895 4190 994 4266 est
1044 4193 1164 4269 sua
1214 4194 1539 4273 bonitas.
1598 4198 1764 4274 Hoc
1815 4212 2062 4273 autem
2118 4201 2318 4275 Deus

768 4289 868 4367 est
903 4346 923 4366 .
980 4292 1219 4369 Nullo
1270 4295 1496 4395 igitur
1544 4298 1771 4374 modo
1869 4295 2047 4375 otest
2118 4297 2317 4396 cogi-

768 4390 909 4468 tari
978 4392 1075 4468 ali
1133 4393 1258 4471 uid
1324 4396 1588 4476 melius
1613 4451 1640 4492 ‚
1735 4422 1827 4476 ve
1934 4394 2316 4497 perfectius

775 4496 985 4574 Deo:
1039 4516 1078 4568 e
1161 4493 1385 4593 igitur
1434 4497 1764 4577 infinitus
1816 4498 1895 4574 in
1947 4498 2318 4575 bonitate.

872 4618 944 4683 7.
1001 4594 1343 4690 Amplius
1378 4652 1397 4670 .
1454 4599 1869 4677 Intellectus
1921 4599 2159 4676 noster
2210 4597 2320 4676 in-

771 4691 1173 4791 telligendo
1230 4694 1559 4795 aliquid,
1627 4698 1707 4775 in
1773 4699 2147 4778 infinitum
2198 4722 2317 4776 ex-

773 4795 1112 4874 tenditur:
1135 4793 1338 4894 cujus
1388 4794 1671 4893 signum
1720 4798 1819 4874 est
1870 4800 2066 4902 quod
2094 4823 2319 4898 quan·

815 5035 1119 5051 ———-·-—-—-—-
1130 5039 1182 5047 0-

731 5085 738 5093 ·
842 5057 935 5127 (a)
976 5061 1063 5112 Al.
1098 5059 1148 5112 Bt
1181 5056 1349 5115 finitis
1384 5057 1584 5113 modis.

2442 997 2561 1060 tur
2612 981 2934 1081 aliquam
3001 1006 3161 1060 rem
3213 986 3762 1086 intelligibilem
3837 991 4004 1069 infi-

2434 1084 2668 1161 nitam
2719 1082 2920 1176 esse,
2971 1106 3196 1181 quam
3246 1105 3534 1185 oportet
3583 1089 3730 1165 esse
3761 1092 3991 1169 maxi-

2433 1208 2637 1260 mam
2690 1203 2972 1260 rerum:
3028 1183 3101 1260 8(
3155 1182 3342 1265 hanc
3395 1188 3706 1267 dicimus
3730 1193 4000 1281 Deum.

2438 1278 2640 1362 Deus
2693 1283 2919 1382 igitur
2968 1282 3068 1358 est
3125 1283 3490 1365 infinitus.
3925 1298 3936 1310 '

2543 1391 2608 1460 8.
2666 1387 2854 1462 Item
2887 1441 2905 1459 .
2987 1384 3310 1465 Effectus
3379 1413 3531 1466 non
3603 1389 3831 1488 potest
3881 1418 4007 1473 ex·-

2435 1483 2637 1563 tendi
2688 1484 2877 1564 ultra
2931 1485 3129 1561 suam
3180 1488 3464 1566 causam
3503 1546 3522 1566 .
3581 1492 4003 1573 Intellectus

2434 1603 2682 1664 autem
2758 1583 2996 1662 noster
3066 1612 3219 1664 non
3288 1590 3516 1688 potest
3570 1591 3714 1669 esse
3766 1594 3905 1669 nifi.
3950 1620 4000 1671 a.

2441 1690 2653 1781 Deo,
2705 1685 2834 1785 qui
2888 1684 2989 1763 est
3038 1688 3275 1786 prima
3327 1691 3664 1768 omnium
3708 1694 3916 1771 causa
3967 1749 3997 1771 .

2440 1790 2624 1866 Non
2677 1786 2905 1885 igitur
2954 1786 3180 1886 potest
3209 1789 3490 1889 aliquid
3541 1792 3864 1890 cogitare
3885 1794 3995 1871 in-

2431 1887 2762 1968 tellectus
2812 1886 3049 1967 noster
3099 1889 3334 1986 majus
3388 1897 3586 1970 Deo,
3644 1893 3718 1971 Si
3764 1894 4004 1993 igitur

2433 1990 2644 2069 omni
2695 1988 2908 2067 finito
2959 1991 3185 2087 potest
3239 1992 3536 2090 aliquid*
3583 1992 3819 2083 maius
3869 2022 3992 2076 co·

2427 2092 2660 2188 gitare
2702 2139 2730 2180 ‚
2815 2088 3252 2187 relinquitur
3344 2097 3593 2169 Deum
3690 2092 3989 2176 finitum

2429 2214 2578 2266 non
2631 2187 2779 2264 esse
2830 2242 2850 2262 .

2539 2313 2606 2388 9.
2664 2285 3006 2384 Amplius
3045 2342 3064 2363 .
3142 2286 3398 2368 Virtus
3471 2289 3761 2370 infinita
3829 2317 3986 2373 non

2435 2385 2663 2488 potest
2734 2387 2879 2464 esse
2948 2387 3028 2463 in
3097 2387 3399 2467 essentia
3468 2388 3722 2469 finita:
3810 2394 3986 2492 quia

2428 2488 2998 2587 unumquodque
3048 2487 3204 2585 agit
3220 2513 3348 2586 per
3401 2491 3598 2568 suam
3635 2490 3982 2590 formam,

2429 2614 2587 2690 quae
2654 2588 2777 2665 vel
2845 2586 2947 2665 est
3015 2589 3321 2665 essentia
3373 2590 3526 2686 ejus
3571 2646 3598 2688 ‚
3649 2593 3768 2669 vel
3821 2618 3982 2692 pars

2431 2688 2792 2768 essentiae:
2833 2688 3064 2767 virtus
3113 2707 3361 2767 autem
3415 2692 3858 2791 principium
3909 2720 3985 2771 a-

2430 2790 2696 2872 ctionis
2745 2789 3083 2872 nominat
3123 2847 3142 2867 .
3215 2792 3351 2870 Sed
3405 2796 3605 2871 Deus
3655 2818 3807 2872 non
3857 2794 3981 2873 ha-

2431 2894 2558 2973 bet
2605 2894 2957 2970 virtutem
3008 2891 3328 2970 activam
3365 2890 3694 2971 finitam:
3721 2909 3977 2976 movet

2430 2993 2634 3071 enim
2686 2994 2766 3071 in
2799 3009 3130 3090 tempore
3181 2991 3516 3072 infinito:
3627 2995 3771 3072 uod
3820 3020 3977 3073 non

2424 3092 2652 3193 potest
2703 3093 2848 3173 esse
2887 3091 3020 3169 nisi
3072 3116 3115 3167 a
3181 3093 3452 3171 virtute
3504 3095 3582 3171 in
3638 3094 3846 3190 nita‘‚'
3894 3109 3980 3178 ut

2425 3194 2634 3292 supra
2682 3192 2712 3290 (
2762 3217 2915 3292 cap.
2966 3218 3081 3270 xx.
3135 3190 3163 3286 )
3213 3192 3568 3270 ostensum
3621 3192 3722 3272 est
3755 3251 3775 3273 .
3832 3199 3977 3274 Re·

2425 3294 2786 3393 linquitur
2857 3317 3037 3393 ergo
3103 3294 3254 3373 Dei
3348 3295 3728 3374 essentiam
3829 3298 3981 3379 esse

2429 3394 2832 3473 infinitam.

2531 3499 2711 3574 Haec
2761 3511 3008 3573 autem
3059 3495 3248 3573 ratio
3299 3494 3399 3572 est
3429 3496 3817 3573 secundum
3840 3518 3971 3594 po«

2424 3615 2678 3675 nentes
2730 3596 3205 3673 aetcrnitatem
3260 3595 3562 3669 mundi:
3617 3616 3762 3689 qua
3813 3617 3968 3672 non

2424 3694 2695 3795 posita,
2746 3696 2979 3770 adhuc
3012 3692 3250 3788 magis
3291 3690 3761 3768 confirmatur
3810 3693 3968 3791 opi-

2424 3795 2555 3871 nio
2589 3795 2676 3868 de
2697 3791 3056 3870 infinitate
3075 3790 3340 3867 divinae
3373 3790 3700 3867 virtutis.
3756 3793 3965 3872 Nam

2422 3894 2990 3990 unumquodque
3039 3913 3259 3988 agens
3327 3908 3532 3968 tanto
3582 3890 3965 3972 virtuofius

2423 3993 2525 4073 est
2617 3993 2697 4070 in
2763 3993 3046 4090 agendo
3089 4045 3115 4086 ,
3193 4008 3466 4088 quanto
3553 3993 3962 4091 potentiam

2421 4094 2655 4192 magis
2703 4112 3064 4172 remotam
3118 4091 3210 4167 ab
3248 4110 3413 4169 actu
3446 4091 3524 4167 in
3574 4106 3821 4169 actum
3854 4118 3960 4169 re-

2417 4196 2622 4274 ducit
2664 4250 2691 4288 ,
2758 4193 2934 4272 ficut
2984 4190 3245 4289 majori
3312 4192 3580 4269 virtute
3630 4216 3809 4290 opus
3861 4192 3962 4272 est

2416 4299 2509 4373 ad
2536 4293 3108 4373 calefaciendum
3136 4315 3401 4390 aquam
3435 4316 3658 4391 quam
3692 4318 3962 4371 aerem.

2419 4397 2560 4475 Sed
2611 4395 2790 4473 illud
2839 4396 3033 4493 quod
3082 4392 3392 4470 omnino
3439 4417 3590 4471 non
3640 4391 3738 4471 est
3779 4446 3807 4487 ‚
3859 4394 3962 4473 est

2420 4494 2707 4575 infinite
2757 4494 3020 4574 distans
3070 4496 3164 4569 ab
3215 4510 3379 4571 actu
3415 4548 3442 4588 ‚
3494 4519 3628 4572 nec
3679 4492 3778 4570 est
3832 4494 3962 4571 ali·

2418 4622 2569 4695 quo
2619 4598 2843 4674 modo
2871 4595 2949 4673 in
2972 4592 3338 4692 potentia.
3397 4595 3632 4694 Igitur
3674 4593 3958 4671 simun·

2417 4700 2548 4774 dus
2599 4694 2825 4775 factus
2877 4692 2975 4772 est
3020 4692 3406 4795 postquam
3453 4695 3766 4772 omnino
3817 4693 3958 4807 pri-

2419 4822 2502 4875 us
2553 4794 2781 4877 factus
2829 4822 2981 4875 non
3033 4812 3186 4875 erat
3226 4849 3254 4893 ‚
3325 4811 3610 4893 oportet
3661 4791 3954 4872 factoris

3770 4949 3776 4964 .
3812 4894 3932 4969 vir

2778 4979 3921 5057 ...m—ww
