4597 5696
1276 396 1868 467 οοΝτιΑ
1952 342 2695 461 oni-trites
2778 390 3031 459 ιιι.
3113 396 3173 460 1.
3761 415 3840 481 η

633 510 1061 595 antecedens
1109 505 1211 588 est
1253 508 1734 610 impoffibileg
1780 511 1859 589 8(
1909 506 1960 589 fi
1999 510 2195 612 quid·

520 652 527 657 ·
630 613 735 693 est
786 615 981 716 quod
1028 609 1341 692 destruat
1375 610 1764 689 veritatem
1803 610 1966 690 talis
2008 636 2179 691 oon·

631 713 1007 795 ditionalis
1037 768 1063 807 ‚
1132 707 1232 791 est
1307 710 1745 812 impossibile
1795 740 1820 803 ς
1890 711 2072 792 ficut
2124 711 2191 790 ii·

486 884 491 887 .
631 816 898 916 aliquis
989 812 1378 892 destrueret
1454 814 1869 892 -veritatem
1966 812 2181 908 huius

631 915 1188 997 conditionalis.
1243 913 1319 993 Si
1376 912 1603 993 horno
1650 915 1855 993 volat
1880 968 1906 1008 ‚
1961 915 2182 993 habet

633 1018 828 1110 alas,
875 1016 1061 1093 effet'
1106 1010 1576 1115 impoffibile.
1632 1018 1735 1094 Et
1787 1015 2189 1094 secundum⁴

635 1120 831 1195 hunc
881 1115 1187 1194 modum
1260 1114 1783 1216 intelligendus
1848 1115 1952 1193 est
2072 1140 2193 1194 ro··

635 1219 863 1295 ceffus
905 1215 1357 1316 probationis
1385 1215 1775 1318 praedictat:
1828 1218 2003 1317 quid
2087 1240 2187 1295 aec

633 1316 1152 1397 conditionalis
1204 1316 1306 1394 est
1357 1342 1533 1398 vera
1560 1373 1579 1395 .
1632 1317 1714 1398 Si
1747 1342 2006 1418 corpus
2054 1342 2185 1397 eae-

636 1417 807 1497 leste
859 1416 1255 1514 dividitur,
1306 1442 1465 1519 pars
1516 1414 1669 1515 ejus
1738 1419 1880 1497 erit
1948 1419 2187 1498 mino-

640 1520 741 1598 ris
793 1519 1133 1619 potentiae
1187 1542 1411 1619 quam
1463 1535 1743 1599 totum:
1801 1519 2011 1619 hujus
2064 1547 2187 1598 au·

635 1639 792 1698 tem
842 1618 1358 1699 conditionalis
1424 1620 1694 1698 veritas
1744 1620 2029 1699 tollitur
2052 1675 2080 1715 ‚
2135 1618 2183 1697 fi

636 1736 950 1820 ponatur
1001 1718 1327 1818 primurn
1379 1732 1685 1798 movens
1727 1722 1867 1796 ess'e
1894 1744 2186 1819 (οι-ρης,

636 1838 934 1920 propter
986 1819 1452 1918 impoffibilia
1520 1843 1681 1917 quae
1761 1820 2185 1918 sequuntur:

637 1924 827 1999 unde
881 1936 1083 2019 patet
1134 1918 1274 1996 hoc
1326 1922 1466 1997 esse
1520 1919 1997 2020 impossibile.

748 2025 852 2099 Et
902 2018 1238 2096 fimiliter
1287 2018 1517 2118 potest
1586 2020 2056 2121 responderi,
2135 2016 2188 2096 fi

642 2117 773 2199 fiat
821 2117 1145 2199 obiefflo
1192 2119 1284 2194 de
1338 2137 1787 2217 augumento
1834 2118 2190 2218 potentia-

637 2244 803 2298 rum
871 2218 1296 2313 finitarum,
1362 2220 1537 2318 quia
1605 2244 1757 2298 non
1827 2217 1929 2296 est
1999 2218 2183 2297 acci-

637 2345 808 2423 pere
876 2319 956 2396 in
1010 2342 1254 2397 rerum
1326 2334 1581 2397 natura
1657 2318 2017 2435 potentias
2084 2319 2183 2397 se-

635 2421 956 2500 cundum
1002 2441 1313 2498 ornnem
1360 2438 1909 2520 proportionem
1961 2443 2185 2519 quam

638 2522 860 2599 habet
910 2535 1200 2619 ternpus
1266 2519 1358 2597 ad
1427 2536 1712 2619 tempus
1833 2522 2184 2599 uodcum-

638 2645 831 2722 que3
895 2618 999 2697 est
1070 2637 1322 2696 tamen
1388 2620 1808 2699 conditiona
1840 2621 1900 2700 is
1963 2643 2138 2698 vera
2158 2675 2185 2716 ‚

639 2748 784 2821 qua
836 2718 914 2798 in
968 2716 1303 2820 praedissa
1388 2721 1764 2799 robatione
1795 2721 2184 2820 indigetur.

743 2822 1070 2901 Secunda
1146 2820 1314 2917 obje
1397 2821 1482 2900 io
1565 2818 1666 2899 est
1717 2877 1744 2918 ‚
1814 2823 1989 2923 quia
2058 2820 2185 2900 etfi

643 2944 904 3019 corpus
952 2920 1306 2998 dividitur
1328 2977 1353 3015 ,
1403 2922 1653 3022 aliqua
1702 2925 1932 3003 virtus
1959 2920 2187 3023 potest

643 3023 786 3098 effe
838 3019 1136 3112 alicujus
1191 3024 1515 3121 corporis
1565 3045 1750 3124 quae
1802 3015 1954 3103 non
2006 3022 2189 3101 divi-

643 3121 843 3199 ditur
908 3118 1142 3196 diviso
1215 3147 1515 3220 corpore
1567 3177 1592 3217 ‚
1682 3126 1860 3204 ficut
1943 3124 2191 3203 anima

649 3217 1027 3297 rationalis
1097 3244 1247 3296 non
1314 3222 1663 3301 dividitur
1738 3224 1972 3301 diviso
2036 3235 2191 3303 cor'·

748 3343 823 3395 re
853 3375 871 3395 .

648 3344 855 3497 PoEt
906 3420 995 3495 ad
1049 3417 1187 3495 hoc
1238 3416 1339 3497 est
1368 3418 1805 3517 dicendum,
1853 3423 2051 3522 quod
2070 3447 2199 3522 per

650 3521 1058 3622 proceffum
1158 3519 1531 3597 raedifflum
1582 3547 1739 3598 non
1789 3525 2136 3623 probatur
2170 3577 2197 3620 ‚

642 3620 843 3736 quod
892 3643 1043 3697 non
1121 3637 1180 3696 it
1216 3625 1418 3699 Deus
1465 3621 1895 3717 conjunaus
1945 3646 2193 3722 corpo-

645 3746 712 3798 n
764 3775 792 3815 ‚
872 3719 1049 3797 ficut
1122 3722 1372 3798 anifna
1441 3722 1815 3801 rationalis
1904 3723 2190 3823 corpori

649 3821 1019 3910 humanoz,
1073 3820 1190 3898 sed
1238 3822 1435 3922 quod
1488 3848 1636 3901 non
1687 3823 1785 3901 est
1838 3827 2067 3903 virtus
2114 3822 2195 3902 in

652 3945 995 4019 corpore,
1048 3919 1224 3999 ficut
1276 3924 1504 4000 virtus
1543 3924 1982 4018 materialis,
2033 3951 2194 4024 quae

652 4022 1004 4100 dividitur
1052 4023 1142 4098 ad
1191 4022 1624 4104 diviflonem
1656 4049 1781 4104 cor
1918 4027 2013 4103 is:
2065 4049 2193 4102 un-

650 4123 741 4198 de
792 4122 1018 4199 etiarn
1070 4122 1335 4199 dicitur
1382 4125 1472 4200 de
1514 4125 1765 4203 intelle
1843 4152 1888 4203 u
1942 4126 2191 4202 huma·

647 4235 798 4314 no,
843 4221 1041 4318 quod
1083 4246 1243 4299 non
1290 4222 1393 4298 est
1429 4247 1685 4323 corpus
1707 4281 1733 4320 ‚
1784 4249 2020 4325 neque
2054 4227 2194 4303 vir-

655 4333 772 4396 tus
823 4319 903 4396 in
952 4345 1250 4418 corpore
1295 4378 1312 4397 .
1400 4326 1623 4423 Quod
1688 4341 1937 4404 autem
1994 4331 2192 4404 Deus

657 4443 811 4494 non
866 4417 949 4495 fit
1016 4420 1255 4500 unitus
1303 4424 1588 4524 corpori
1643 4425 1820 4514 ficut
1869 4426 2114 4502 anima
2164 4480 2191 4521 ‚

657 4518 953 4596 alterius
1006 4519 1300 4598 rationis
1336 4523 1452 4600 ‘est
1478 4582 1495 4599 .
2170 4575 2179 4580 ,

759 4620 1019 4697 Tertia
1070 4619 1387 4710 obiefflo
1422 4622 1563 4718 est,
1615 4625 1812 4728 quod
1864 4624 1913 4704 fi
1966 4624 2194 4724 eujus·

652 4718 842 4836 {ibet
894 4742 1214 4899 cog-gons
1264 4727 1590 4819 potentia
1642 4726 1846 4806 finita
1899 4727 2000 4807 est
2032 4783 2059 4824 ‚
2112 4743 2193 4807 ut

656 4845 740 4897 m
789 4823 1007 4921 praedi
1082 4847 1147 4898 or
1179 4825 1503 4921 proceffu
1554 4825 1999 4919 ostenditur3
2068 4852 2196 4928 per

652 4923 1064 5022 potentiam
1108 4940 1363 5004 autem
1414 4922 1703 5006 finitam
1761 4954 1913 5009 non
1962 4929 2194 5032 potest

2279 511 2559 612 aliquid
2604 512 2863 590 durare
2910 524 3246 607 tempore
3299 500 3658 600 infinito}
3730 507 3835 585 se-

2278 614 2530 714 quitur
2579 614 2778 713 quod
2827 606 3117 689 nullum
3165 628 3428 709 corpus
3479 610 3690 709 p'offit
3712 613 3852 686 du:
3907 681 3915 689 .
3951 654 3954 663 ·

2280 736 2440 791 rare
2490 730 2819 813 tempore
2872 708 3170 789 infinito
3200 763 3228 806 ‚
3298 710 3374 788 8(
3427 710 3522 789 fic
3573 731 3842 809 corpus

2285 812 2559 894 caeleste
2609 815 2700 893 de
2749 811 3163 892 neceffitate
3213 829 3721 912 corrumpetur
3742 866 3765 888 .

2391 918 2510 994 Ad
2587 915 2726 994 hoc
2791 931 3043 992 autem
3111 936 3156 989 a
3224 913 3658 1011 quibusdam
3729 924 3847 991 re-'

2287 1017 2674 1117 spondetur
2695 1070 2723 1110 ‚
2808 1014 3005 1114 quod
3071 1032 3329 1112 corpus
3397 1013 3678 1093 caeleste'
3738 1014 3839 1111 se·

2285 1120 2612 1196 cundum
2664 1115 3072 1216 potentiam
3127 1114 3329 1192 suam
3382 1110 3612 1213 potest
3663 1114 3849 1213 defiqr

2286 1242 2520 1310 cere2,
2615 1217 2733 1294 sed
2805 1214 3367 1316 perpetuitatem
3438 1214 3840 1293 durationis

2284 1335 2368 1397 a'c
2423 1316 2601 1397 uirit
2649 1318 2743 1395 ab
2793 1318 2943 1396 alio
2977 1369 3005 1414 ‚
3076 1317 3274 1416 quod
3338 1311 3441 1403 est
3493 1315 3839 1431 potentiae

2287 1420 2367 1498 in
2423 1421 2596 1499 nitae
2647 1475 2667 1495 .
2743 1421 2844 1497 Et
2896 1414 3067 1496 huic
3122 1415 3466 1499 solutioni
3544 1418 3846 1494 videtur

2287 1519 2603 1601 attestari
2655 1519 2862 1599 Plato
2911 1519 2948 1619 (¹
2994 1518 3073 1594 in
3125 1515 3423 1596 Timaeo
3472 1514 3515 1614 J
3565 1516 3695 1617 qui
3743 1518 3842 1594 de

2286 1618 3160 1800 sssssspi‘ssissssstcsssse‘iffi
3204 1623 3507 1794 „3:5ss
3529 1615 3842 1793 ³⁰22&

2288 1848 2376 1900 ra
2426 1816 2677 1918 vestra
2728 1815 2894 1917 estis
2947 1813 3436 1910 diffamia,
3485 1814 3838 1893 volunta·

2288 1944 2369 2000 te
2435 1934 2682 1997 autem
2753 1944 2917 1995 mea
2985 1913 3514 2013 indiffilubilia
3566 1969 3594 2012 ‚
3647 1914 3845 2016 ‘quia

2290 2018 2644 2098 voluntas
2694 2044 2857 2097 mea
2903 2044 3030 2095 ma
3050 2014 3148 2094 ’or
3195 2014 3299 2115 est
3348 2041 3537 2096 nexu
3571 2013 3836 2117 vestro.

2294 2123 2511 2199 Hane
2597 2134 2845 2196 autem
2949 2118 3026 2195 so
3056 2117 3387 2196 utionem
3472 2111 3843 2215 improbat

2284 2222 2845 2298 commentator
2864 2218 2943 2295 in
2970 2218 3032 2295 X
3046 2221 3139 2295 11.
3165 2216 3501 2316 Metaph.
3518 2216 3545 2313 (
3564 2240 3839 2296 comm.

2283 2320 2431 2398 xli.
2484 2320 2557 2398 8(
2613 2322 2826 2397 VIII.
2883 2317 3092 2420 Phys.
3169 2342 3444 2397 comm.
3512 2317 3754 2398 boux.
3810 2320 3841 2416 )

2293 2420 2502 2498 Nam
2608 2419 3049 2518 impoffibile
3152 2417 3254 2496 est
3296 2473 3326 2514 ‚
3448 2418 3840 2519 seeundum

2289 2545 2460 2598 eum
2512 2573 2540 2615 ‚
2590 2522 2790 2621 quod
2840 2520 2915 2597 id
2967 2520 3163 2618 quod
3215 2518 3317 2597 est
3367 2520 3458 2597 de
3508 2520 3580 2595 se
3632 2515 3847 2618 p'ossb

2287 2620 2436 2698 bile
2490 2646 2639 2699 non
2670 2621 2808 2696 effe
2825 2677 2852 2713 ‚
2904 2621 3230 2721 acquirat
3274 2616 3838 2718 perpetuitatem

2285 2721 2561 2799 essendi
2611 2720 2706 2797 ab
2755 2718 2945 2798 alio:
3019 2719 3336 2819 sequitur
3381 2718 3588 2798 ‘enim
3640 2720 3841 2819 quod

2290 2820 2765 2922 corruptibile
2817 2837 3218 2900 mutaretur
3270 2818 3352 2898 in
3406 2820 3611 2924 incor
3747 2822 3844 2900 tis

2291 2923 2493 3019 bile,
2543 2922 2740 3021 quod
2790 2921 2890 2999 est
2944 2923 3050 2999 im
3151 2921 3379 2999 ffibile
3446 2920 3660 2998 secun
3711 2931 3842 3020 um'

2291 3024 2548 3124 ipsum.
2591 3027 2691 3102 Et
2743 3023 2907 3102 ideo
2958 3024 2982 3100 i
3067 3048 3106 3097 e
3158 3022 3239 3099 in
3285 3022 3477 3100 hune
3530 3021 3845 3100 modum

2292 3125 2671 3225 respondet
2713 3178 2741 3220 ,
2807 3044 3034 3224 quodp
3081 3122 3162 3201 in
3229 3144 3531 3223 corpore
3580 3121 3846 3206 caelesti

2290 3223 2532 3305 omnis
2583 3226 2908 3326 potentia
2960 3249 3116 3324 quae
3169 3221 3350 3328 est,·
3385 3221 3592 3301 finita
3659 3221 3762 3300 est
3811 3246 3843 3314 ς

2290 3349 2441 3402 non
2494 3343 2741 3403 tamen
2792 3342 3079 3439 oportet
3202 3322 3347 3426 uod
3393 3325 3679 3439 ’hab-eat
3757 3349 3839 3400 o·

2300 3446 2554 3501 mnem
2607 3440 3052 3523 potentiam:
3124 3449 3164 3500 e
3291 3445 3495 3501 emm
3547 3449 3629 3500 m
3675 3446 3842 3501 cor·

2294 3548 2398 3702 Εἴ
2398 3547 2502 3704 ‘is
2511 3523 3296 3722 1ff¹efflet2szz¹3¹zizzz
3348 3522 3841 3722 022'2‘22‘1‘353

2293 3725 2620 3823 potentia
2653 3727 2761 3804 -ad
2815 3726 2936 3803 ubi
2985 3777 3012 3817 ‚
3080 3725 3199 3803 sed
3267 3748 3418 3802 non
3486 3724 3577 3802 ad
3628 3721 3762 3820 effi·
3809 3752 3841 3818 ς

2296 3826 2370 3903 8(
2425 3827 2516 3904 fic
2570 3851 2720 3903 non
2770 3842 3057 3926 oportet
3105 3824 3303 3925 quod
3354 3823 3519 3903 infit
3589 3827 3659 3903 ei
3711 3848 3843 3925 po-

2297 3929 2526 4006 tentia
2576 3927 2667 4003 ad
2717 3952 2866 4005 non
2918 3929 3094 4004 ess’e.
3150 3920 3538 4007 Sciendum
3555 3943 3836 4021 tamem

2295 4030 2494 4125 quod
2563 4026 2712 4104 haec
2782 4027 3138 4127 responfio
3213 4025 3837 4107 commentatoris

2293 4152 2445 4205 non
2498 4125 2596 4202 est
2635 4127 3024 4206 sufficiens:
3077 4124 3251 4227 quia
3303 4121 3354 4202 s1
3393 4128 3600 4205 detur
3634 4125 3841 4231 quod¹

2296 4228 2377 4303 in
2427 4248 2727 4324 corpore
2799 4224 3056 4305 caelesti
3127 4252 3277 4305 non
3352 4224 3438 4304 fit
3554 4230 3836 4308 utentia

2284 4326 2491 4441 quasi
2546 4326 2813 4442 pafliva
2864 4327 2954 4404 ad
3005 4328 3187 4421 effe,
3237 4352 3396 4429 quae
3449 4351 3490 4404 e
3524 4346 3555 4406 t
3588 4348 3845 4429 poten-

2296 4442 2401 4542 tia
2453 4444 2829 4541 πιπτει-αἳ
2871 4423 2972 4504 est
3024 4445 3276 4508 tamen
3327 4427 3407 4506 in
3441 4453 3533 4544 eo
3586 4449 3840 4530 poten-

2294 4524 3404 4744 fszzdissffufflassfzflssffimist
3416 4530 3846 4712 lssffiefss

2296 4753 2375 4805 m
2432 4732 2485 4806 Ι.
2538 4730 2628 4806 de
2677 4728 2854 4809 cae'lo
2902 4732 2975 4809 8(
3029 4733 3306 4813 mundo
3351 4734 3427 4831 (a
3478 4750 3648 4812 text.
3717 4755 3835 4812 xx.

2296 4828 2521 4944 usque
2571 4829 2662 4908 ad
2710 4854 2895 4910 xxm
2923 4833 3027 4928 1.)
3067 4836 3261 4933 quod
3312 4833 3567 4914 caelum
3619 4833 3842 4913 habet

2293 4949 2646 5015 virtutem
2696 4951 2778 5014 ut
2828 4933 2914 5013 fit
2964 4934 3279 5114 semsser.
3336 4936 3437 5013 Et
3485 4933 3652 5012 ideo
3684 4956 3839 5110 {ne-

3285 5060 3331 5112 2
3717 5054 3835 5120 xus
