4597 5696
762 333 835 379 η
1378 302 1528 371 niz
1584 301 2171 368 VERITATE
2229 296 2954 370 clm-nomeu:
3011 308 3322 376 From

861 448 929 503 2.
985 418 1297 499 Adhuc.-
1322 412 1694 527 Quamvis
1729 413 1805 491 id
1837 416 2036 514 quod
2082 438 2309 529 quan·
2411 418 2641 516 potest
2666 476 2686 496 .
2712 423 2918 519 Ergo
2942 436 3230 518 oportet
3270 422 3408 500 effe
3435 421 3713 521 aliquid
3765 418 3963 497 aliud

758 526 1001 623 doque
1049 519 1147 597 est
1200 518 1281 595 in
1320 532 1692 616 potentia,
1740 516 2175 615 quandoque
2228 540 2311 595 in
2406 519 2611 617 prius
2657 579 2685 620 ,
2749 546 2904 622 quo
2971 521 3317 600 educatur
3366 524 3454 602 de
3508 522 3833 624 potentia
3886 522 3966 598 in

760 640 928 703 actu
980 675 1007 717 ‚
1048 619 1256 720 prius
1301 618 1400 696 sit
1450 634 1782 715 tempore
1851 618 1931 694 in
1984 617 2314 717 potentia
2412 639 2663 700 actum
2684 679 2704 698 .
2759 626 2863 701 Et
2914 621 3183 700 iterum
3234 623 3298 701 si
3352 623 3490 702 hoc
3541 623 3640 702 est
3716 624 3968 700 exiens

757 745 993 825 quam
1035 721 1117 801 in
1166 736 1385 814 actu3
1451 734 1707 798 tamen
1757 716 2209 818 simpliciter·
2242 743 2312 795 a·
2413 722 2506 801 de
2556 724 2884 824 potentia
2935 722 3016 800 in
3066 742 3318 802 actum
3361 783 3389 821 ‚
3461 738 3747 825 oportet
3798 738 3967 800 ante

757 816 927 904 etus*
971 822 1072 902 est
1124 823 1324 923 prior
1350 819 1702 922 potentia
1755 847 1774 897 ε
1819 818 2020 920 *ςυία
2070 836 2323 921 poten-

759 924 883 1006 tia*
921 948 1074 1003 non
1118 922 1363 1002 educit
1412 921 1488 1001 se
1538 921 1622 998 in
1672 938 1920 1000 actum
1971 977 1997 1018 ‚
2030 956 2039 997 ε
2074 922 2209 999 sed
2243 947 2322 999 o-

764 1020 1023 1127 portet
1054 1025 1253 1125 quod
1317 1022 1661 1102 educatur
1709 1024 1813 1104 ‘in
1842 1042 2151 1102 factum»
2199 1046 2325 1121 per

766 1126 1051 1226 aliquid
1098 1125 1296 1224 quod
1345 1124 1443 1202 sit
1492 1140 1658 1201 actu
1694 1160 1715 1201 ·.
1794 1127 2047 1203 Omne
2100 1124 2326 1222 igitur

763 1230 967 1328 quod
1033 1224 1135 1305 est
1198 1225 1451 1322 aliquo
1518 1227 1743 1302 modo
1820 1225 1898 1300 in
1951 1225 2324 1324 potentia,

762 1329 990 1411 habet
1038 1325 1321 1424 aliquid
1371 1323 1569 1423 prius
1621 1324 1691 1400 se
1729 1381 1749 1400 .
1826 1328 2025 1403 Deus
2076 1342 2326 1404 autem

767 1428 916 1507 est:
977 1426 1252 1504 rirnum
1305 1448 1474 1517 ensa,
1526 1441 1599 1501 et
1650 1424 1889 1523 prima
1939 1427 2195 1520 eausa,
2245 1442 2328 1502 ut

767 1548 915 1606 ex‘-
944 1524 1334 1626 upradictis
1384 1540 1582 1624 patet
1618 1580 1638 1600 .
1667 1529 1877 1605 ·Non
1930 1526 2157 1625 igitur
2206 1527 2331 1603 ha·

767 1630 1031 1707 hetin
1086 1626 1156 1703 se
1208 1625 1861 1724 aliquidpotentiae·
1896 1627 2327 1704 admixtum.
2427 1656 2432 1661 ·
2575 1652 2584 1663 ·

880 1757 944 1829 3.
1005 1732 1232 1805 Item.
1293 1727 1377 1803 ld
1426 1727 1621 1823 quod
1673 1727 1771 1803 est
1823 1751 1951 1826 per
1982 1728 2056 1803 se
2089 1727 2329 1805 neces-

774 1830 849 1908 se
899 1830 1041 1910 esse
1082 1882 1110 1922 ‚
1161 1825 1375 1904 nullo
1417 1827 1643 1904 modo
1692 1826 1791 1904 est
1847 1827 2175 1926 poffibile
2226 1827 2328 1905 es-
2419 1874 2431 1879 -

763 1922 903 2012 se:
952 1928 1375 2030 quia·quod
1442 1926 1539 2004 est
1592 1952 1721 2026 per
1773 1928 1844 2004 se
1899 1930 2171 2005 neceffe
2223 1927 2325 2005 es-

778 2032 898 2126 se,
950 2055 1103 2109 non
1155 2028 1372 2113 habet
1390 2025 1731 2104 causam.'
1774 2031 2023 2105 Omne
2072 2048 2324 2105 autem

774 2134 981 2231 quod
1016 2129 1114 2206 est
1167 2125 1496 2227 poffibile
1549 2130 1714 2219 effe,
1736 2128 1956 2203 habet
2002 2128 2322 2221 causam,

764 2246 867 2315 nt
918 2226 1538 2328 supra-‘ostensum
1591 2225 1726 2303 est.
1783 2231 2030 2304 Deum
2080 2243 2328 2305 autem

766 2316 1033 2511 {a}
1055 2328 1183 2508 :st
1228 2328 1768 2528 gemma
1809 2326 2086 2504 >¹:133
2104 2327 2331 2526 iza-‘gs

777 2531 1125 2635 potentiae
1180 2529 1261 2609 in
1299 2527 1421 2607 sua
1474 2526 1865 2606 substantia
1918 2526 2327 2605 invenitur.

877 2661 955 2732 4.
978 2636 1210 2713 Item.
1234 2631 1833 2729 Unumquodque
1886 2629 2041 2726 agit
2095 2628 2335 2706 secun-

774 2736 956 2815 ‘dum
1005 2733 1203 2833 quod
1254 2730 1358 2810 est
1409 2747 1610 2809 actu.
1666 2728 1891 2830 Quod
1943 2731 1970 2807 i
2028 2729 2169 2807 itur
2185 2755 2336 2808 non

779 2835 888 2913 est
957 2851 1150 2912 totus
1218 2848 1464 2928 actus,
1516 2856 1696 2910 nonv
1735 2846 1893 2909 toto
1992 2855 2032 2908 e
2099 2831 2256 2930 agit
2304 2885 2333 2929 ,

780 2935 906 3013 sed
954 2934 1206 3030 aliquo
1258 2933 1364 3009 sui
1390 2987 1409 3007 .
1466 2934 1691 3031 Quod
1725 2948 1970 3009 autem
2024 2957 2175 3008 non
2226 2950 2331 3010 to-

777 3050 867 3114 to
910 3034 995 3112 fe
1038 3033 1193 3132 agit
1244 3085 1270 3124 ‚
1339 3056 1493 3108 non
1542 3031 1647 3110 est
1699 3031 2021 3129 primum
2073 3055 2331 3129 agens:

781 3133 942 3234 a'g'it
976 3134 1180 3211 enim
1199 3129 1503 3228 alicujus
1532 3129 2085 3232 participatione
2105 3186 2130 3222 ‚
2182 3157 2335 3210 non

776 3249 911 3338 per
960 3233 1336 3315 effentiam
1392 3232 1593 3311 suam
1631 3289 1651 3308 .
1723 3231 2055 3308 Primum
2110 3232 2337 3330 igitur

778 3359 1002 3436 agens
1042 3377 1079 3430 -‚
1144 3336 1343 3434 quod
1394 3335 1497 3412 est
1552 3339 1751 3412 Deus
1803 3383 1831 3425 ,
1880 3330 2159 3409 nullam
2213 3334 2335 3411 ha-

775 3438 903 3516 bet
968 3434 1376 3536 potentiam
1425 3436 1825 3515 admixtam
1843 3483 1870 3530 ‚
1912 3432 2037 3511 sed
2107 3431 2214 3512 est
2261 3460 2334 3514 a·

772 3546 932 3621 ctus
983 3560 1201 3639 purus
1229 3593 1248 3613 .

884 3663 948 3736 ς.
978 3642 1245 3717 Adhuc
1267 3693 1284 3712 .
1308 3637 1910 3748 Unumquodque
1961 3634 2150 3714 sicut
2198 3660 2325 3712 na·

768 3756 936 3818 tum
988 3738 1088 3814 est
1138 3761 1353 3835 agere
1392 3790 1420 3830 ‚
1472 3738 1909 3834 inquantum
1964 3731 2061 3809 est
2114 3753 2324 3828 actu,

770 3839 879 3918 ita
932 3835 1188 3938 natum
1223 3835 1324 3914 est
1377 3837 1571 3934 pati,
1623 3836 1699 3910 in
1753 3849 2057 3911 uantum
2078 3832 2174 3908 est
2197 3859 2320 3933 po-

734 3937 1004 4026 ,tentia
1048 3964 1068 4013 :
1144 3959 1318 4013 nam
1372 3953 1613 4013 motus
1664 3958 1704 4009 e
1816 3951 2014 4011 actus
2064 3933 2144 4011 in
2196 3957 2316 4030 po·

769 4038 1002 4119 tentia
1022 4036 1389 4117 existentis
1409 4093 1429 4112 .
1485 4037 1625 4114 Sed
1657 4040 1856 4114 Deus
1884 4032 1980 4111 est
2009 4035 2320 4114 omnino

770 4135 1278 4241 impaflibilis.‚
1332 4165 1417 4216 ac
1469 4135 1955 4214 immutabilis
1989 4190 2014 4229 ‚
2066 4151 2147 4213 ut
2184 4162 2319 4237 pa-

734 4249 879 4321 ⁸tet
912 4261 1021 4321 ex·
1053 4240 1442 4342 praedictis.
1498 4238 1720 4318 Nihil
1745 4261 1925 4337 ergo
1951 4237 2192 4316 'habet
2225 4239 2317 4317 de

768 4337 1144 4447 potentia,
1198 4342 1472 4420 scilicet
1519 4340 1826 4439 paffiva.

873 4451 942 4526 6.
1003 4449 1192 4523 Item
1218 4499 1237 4519 .
1295 4443 1653 4520 Videmus
1702 4440 1980 4541 aliquid
2047 4440 2184 4518 effe
2237 4439 2319 4518 in

765 4549 1057 4646 mundo*
1097 4546 1303 4643 quod‘
1345 4543 1499 4619 exit
1574 4544 1665 4620 de
1737 4541 2062 4642 potentia
2111 4542 2201 4619 in
2241 4566 2314 4619 a·

762 4665 1023 4727 ctumz
1080 4649 1263 4725 Non
1312 4661 1560 4721 autem
1610 4643 1853 4721 educit
1904 4642 1973 4720 se
2023 4644 2112 4722 de
2187 4669 2313 4744 po·

762 4749 996 4829 tentia
1062 4746 1144 4825 in
1194 4763 1443 4832 actum
1498 4770 1518 4821 ε
1571 4742 1747 4845 quia
1798 4745 1994 4840 quod
2045 4743 2141 4820 est
2191 4769 2315 4843 po·

2422 822 2565 902 hoc
2616 824 2897 923 aliquid
2949 822 3147 902 aliud
3196 826 3374 923 poni
3424 851 3573 925 quo
3595 826 3973 902 reducatur

2419 925 2507 1001 fin
2555 942 2805 1005 actum
2837 982 2855 999 .
2929 926 3098 1002 Hoc
3165 943 3414 1006 autem
3470 928 3548 1002 in
3597 923 3972 1002 infinitum

2425 1026 2811 1126 procedere
2865 1049 3016 1101 non
3069 1026 3296 1123 potest
3337 1084 3357 1103 .
3437 1030 3638 1125 Ergo
3687 1041 3972 1121 oportet

2424 1127 2768 1207 devenire
2820 1126 2914 1202 ad
2966 1124 3246 1223 aliquid
3299 1130 3498 1226 quod
3548 1126 3643 1203 est
3689 1141 3976 1200 tantum

2423 1244 2591 1307 actu
2621 1286 2647 1325 ‚
2698 1229 2770 1304 8<
2828 1224 3036 1303 nullo
3087 1230 3311 1310 modo
3364 1230 3442 1305 in
3494 1224 3819 1327 potentia
3845 1277 3869 1317 ‚
3900 1223 3977 1300 8<

2394 1328 2568 1421 ‚hoc
2619 1327 2937 1411 dicimus
2993 1330 3241 1405 Deum
3270 1387 3289 1405 .

2714 1455 2794 1550 c⁴
2855 1492 2915 1555 A
3011 1482 3057 1545 Ρ
3146 1488 3203 1549 υ
3290 1487 3351 1549 τ
3476 1488 3700 1561 xvu.

2731 1610 2910 1692 ,Quod
2949 1614 3103 1672 Deus
3141 1630 3249 1696 not?
3291 1606 3364 1685 est
3404 1611 3641 1669 materia
3665 1652 3686 1671 .

2643 1731 2903 1829 Pparet
2983 1731 3212 1810 etiam
3293 1755 3382 1806 ex
3459 1728 3603 1807 hoc
3637 1782 3665 1822 ,
3733 1731 3980 1808 Deum

2693 1855 2845 1907 non
2899 1834 3037 1910 effe
3093 1830 3529 1910 materiam.

2544 1954 2601 2003 1.
2708 1931 2910 2027 Quia
2961 1932 3266 2012 materia
3319 1932 3398 2008 id
3447 1930 3644 2030 quod
3696 1929 3849 2025 est,
3897 1930 3981 2007 in

2426 2029 2757 2127 potentia
2809 2033 2904 2109 est
2929 2088 2949 2110 .

2433 2160 2440 2165 ·
2519 2154 2597 2227 ρ..
2658 2134 2890 2205 Item.
2938 2131 3269 2208 Materia
3319 2153 3472 2207 non
3545 2130 3645 2207 est
3716 2130 3983 2231 agendi

2431 2226 2876 2325 principium
2917 2257 2934 2305 ε
2988 2232 3179 2308 unde
3229 2228 3572 2308 ⁴efficiens
3611 2285 3638 2323 ‚
3687 2232 3760 2311 8(
3831 2257 3985 2308 rna·

2430 2326 2611 2403 teria
2693 2327 2774 2404 in
2855 2329 3048 2407 idem
3103 2355 3254 2408 non
3306 2329 3637 2408 incidunt
3664 2386 3690 2426 ‚
3743 2332 3984 2411 secun-

2431 2429 2607 2503 dum
2659 2428 3180 2543 Philosophum
3206 2488 3227 2505 .
3299 2433 3467 2510 Deo
3516 2448 3763 2510 autem
3813 2458 3985 2513 con·

2430 2527 2639 2605 venit
2690 2532 2830 2607 effe
2861 2555 3179 2629 primam
3229 2532 3514 2608 causam
3567 2520 3984 2613 effectivam

2437 2652 2708 2724 rerum,
2735 2646 2819 2708 ut
2869 2631 3076 2732 supra
3126 2632 3406 2711 dictum
3459 2631 3780 2733 est.1pse
3848 2636 3985 2737 igi-

2434 2743 2556 2806 tur
2606 2731 2916 2809 materia
2962 2758 3116 2811 non
3167 2731 3264 2811 est
3283 2789 3302 2809 .

2591 2888 2610 2908 .
2665 2835 2818 2911 Am
2869 2832 3046 2913 lius.
3101 2834 3442 2933 Sequitur
3482 2859 3595 2914 res
3621 2836 3982 2918 naturales

2434 2857 2603 3009 catii
2679 2857 2974 3012 exiliere
3046 2935 3161 3015 his
3232 2937 3362 3036 qui
3440 2937 3520 3015 in
3596 2939 3983 3018 materiam

2427 3033 2692 3146 omnia
2773 3037 3211 3116 reducebant
3293 3035 3474 3117 ficut
3543 3039 3624 3114 in
3694 3041 3985 3118 causam

2436 3155 2755 3231 primam
2799 3189 2827 3231 ,
2874 3157 3128 3214 contra
3178 3137 3362 3237 quos
3415 3138 3657 3236 agitur
3723 3141 3803 3217 in
3883 3146 3983 3221 ΙΙ.

2436 3234 2646 3337 Phys.
2698 3235 2726 3332 (
2778 3253 2949 3314 text.
2999 3262 3272 3316 comm.
3323 3238 3538 3316 lxxvr
3561 3240 3666 3335 1.)
3720 3240 3799 3319 Si
3849 3241 3987 3340 igi-

2436 3348 2554 3413 tur
2605 3340 2807 3416 Deus
2837 3391 2862 3430 ‚
2911 3338 3043 3438 qui
3095 3337 3195 3415 est
3243 3339 3479 3438 prima
3530 3340 3737 3420 causa
3787 3393 3816 3433 ‚
3884 3342 3984 3421 sit

2432 3436 2643 3514 causa
2693 3437 3088 3517 materialis
3139 3463 3379 3517 rerum
3399 3490 3425 3532 ,
3477 3437 3799 3536 sequitur
3824 3460 3984 3518 om-

2430 3537 2557 3613 nia
2609 3562 2653 3614 a
2704 3539 2867 3616 casu
2920 3537 3218 3616 existere
3241 3593 3260 3611 .

2530 3661 2603 3730 4.
2689 3641 2880 3712 Item
2931 3690 2952 3711 .
3032 3635 3356 3712 Materia
3432 3660 3584 3713 non
3619 3635 3719 3715 fit
3767 3640 3978 3726 causa

2423 3732 2729 3826 alicujus
2781 3734 2859 3810 in
2911 3751 3076 3812 actu
3105 3791 3131 3830 ,
3180 3734 3322 3811 nisi
3364 3733 3754 3815 secundum
3777 3744 3976 3838 quod

2422 3831 2767 3910 alteratur
2795 3886 2820 3925 ‚
2844 3834 2915 3909 8<
2944 3851 3309 3913 mutatur.
3363 3835 3440 3913 Si
3471 3836 3722 3936 0igitur
3773 3845 3977 3922 Deus

2424 3933 2519 4011 est
2574 3933 3028 4029 immobiliS,
3059 3953 3138 4014 ut
3189 3936 3577 4034 probatum
3631 3939 3788 4037 est(
3819 3969 3975 4043 cap.

2417 4055 2638 4115 x111.
2691 4035 2722 4133 )
2798 4035 3302 4140 nullomodo
3380 4038 3609 4137 potest
3675 4044 3815 4120 effe
3866 4067 3972 4122 re-

2419 4161 2585 4218 rum
2637 4134 2850 4215 causa
2902 4161 3032 4236 per
3081 4139 3384 4217 modum
3437 4142 3759 4221 materiai
3796 4200 3817 4221 .

2527 4240 2741 4318 Hanc
2821 4255 3070 4315 autem
3147 4240 3530 4318 veritatem
3581 4241 3783 4340 ⁴fides
3859 4270 3973 4322 ca-

2420 4339 2695 4418 tholica
2745 4338 3138 4420 confitetur
3185 4394 3212 4437 ‚
3264 4365 3424 4440 quae
3505 4346 3754 4422 Deum
3818 4371 3976 4424 non

2419 4443 2509 4519 de
2565 4442 2685 4519 sua
2719 4440 3180 4531 substantia,
3257 4438 3373 4518 sed
3423 4442 3515 4521 de
3564 4444 3805 4524 nihilo
3872 4446 3974 4524 as·

2420 4543 2588 4621 serit
2639 4560 2905 4621 cuncta
2954 4544 3217 4622 creasse
3252 4597 3273 4618 .
3857 4557 3879 4580 ¹

2524 4648 2612 4723 In
2680 4647 2817 4721 hoc
2857 4659 3138 4720 autem
3215 4641 3493 4720 insania
3567 4647 3842 4725 David‘
3881 4649 3978 4726 de

2422 4745 2768 4823 Dinando
2815 4742 3286 4823 confunditur
3321 4798 3351 4839 ‚
3403 4744 3536 4845 qui
3583 4749 3789 4826 ausus
3839 4748 3969 4828 ‘est

764 4851 996 4933 tentia
1020 4904 1045 4952 ‚
1095 4848 1427 4938 nondum
1476 4845 1576 4937 est
1598 4901 1631 4947 ,
1678 4844 1868 4943 unde
1918 4868 2053 4925 nec
2101 4869 2318 4944 agere
2349 4871 2378 4902 ⁰
2416 4846 2704 4948 dicere,
2750 4850 3001 4929 Deum
3053 4847 3193 4929 effe
3246 4846 3448 4928 idem
3498 4850 3702 4949 quod
3728 4848 3967 4951 prima

3725 4973 3731 4978 ’
3809 4973 3967 5030 ma·
