4597 5696
779 424 853 472 x·
1515 358 2523 473 DISSERTATIO
2651 410 3214 477 PRAEVIA

780 527 1155 611 Gnidonis
1207 532 1399 633 apud
1458 534 1925 633 Echardum,
1978 534 2051 611 8<
2104 534 2550 619 Oudinum:
2607 534 2904 645 scripsit
2954 537 3051 616 dr
3104 537 3585 637 librum‚qui
3641 536 3976 627 intitula-

780 653 912 710 tur
963 643 1263 711 Summa
1315 642 1565 713 eontra
1620 637 1952 715 Gentiles
2006 664 2022 713 ε
2081 665 2292 735 quem
2351 636 2427 714 in
2488 661 2800 733 quatuor
2853 638 3070 718 libros
3123 637 3471 719 dislinxit
3543 640 3621 719 in
3675 671 3810 718 uno
3863 665 3969 719 ta·
4047 672 4054 681 ·

778 763 947 813 men
1003 734 1422 817 Volumine.
1481 735 1614 835 Est
1667 761 1912 819 autem
1971 751 2159 839 Opus
2212 739 2337 817 hoe
2365 736 2562 840 stylo
2603 739 2962 836 disertum
2999 741 3152 820 (Tc.
3210 742 3779 821 Bartholomaeus
3839 748 3974 821 Lo·

776 835 1082 949 gotheta
1137 840 1214 917 in
1273 842 1723 938 Fragmento
1773 842 1967 936 apud
2028 841 2413 923 Baluzium
2469 869 2485 916 :
2549 853 2739 942 Opus
2791 867 3044 920 contra
3102 843 3432 923 Gentiles
3479 899 3507 939 ‚
3582 847 3768 941 quod
3818 875 3971 923 con-

775 960 974 1018 tinet
1029 966 1337 1040 quatuor
1385 942 1606 1023 libros
1651 1000 1673 1020 .
1785 943 2143 1027 Nicolaus
2216 944 2570 1025 Trivetus
2640 944 2718 1022 in
2805 945 3180 1035 Chronico
3252 947 3340 1023 ad
3398 972 3671 1025 annum
3758 974 3970 1043 1274.

770 1049 1050 1120 Contra
1102 1044 1431 1124 Gentiles
1481 1054 1601 1122 IV.
1659 1045 1906 1124 Libros
1940 1042 2235 1146 scripsit
2288 1105 2305 1121 .
2365 1050 2680 1141 Ioannes
2730 1046 2818 1123 de
2873 1047 3243 1126 Columna
3297 1076 3313 1123 :
3381 1057 3756 1124 Summam
3809 1076 3963 1125 con-

765 1164 894 1220 tra
944 1144 1275 1226 Gentiles
1311 1144 1502 1244 fecit
1556 1182 1577 1222 .-
1631 1148 1838 1229 Paria
1890 1150 2191 1229 demum
2248 1148 2411 1230 sunt
2457 1204 2484 1245 ,
2535 1172 2696 1248 quae
2751 1150 3137 1250 perhibent
3189 1147 3607 1235 testimonia
3673 1149 3962 1229 Valleo-

767 1244 1059 1335 lemnus·
1101 1305 1129 1345 ‚
1180 1249 1614 1347 Pignonus‚
1667 1254 1733 1331 S.
1790 1252 2249 1330 Antoninus.
2477 1304 2492 1311 -

878 1351 1098 1427 Hanc
1158 1350 1529 1449 inceptam
1588 1352 2176 1430 lucubrationem
2226 1407 2253 1447 ,
2306 1352 2898 1452 completumque
2951 1352 3045 1428 ab
3100 1352 3474 1452 Aquinate
3512 1408 3539 1448 ,
3593 1347 3963 1431 hortatore

771 1449 1049 1529 Sanfflo
1101 1452 1533 1530 Raimundo
1580 1455 1671 1531 de
1728 1452 2119 1531 Pennafort
2171 1509 2197 1551 ‚
2302 1453 2431 1551 qui
2489 1473 2682 1532 totus
2739 1455 3210 1533 incumbebat
3283 1456 3359 1531 in
3413 1454 3955 1532 conversionem

766 1552 1240 1651 Maurorum,
1293 1555 1363 1632 8(
1423 1555 1839 1633 Infidelium
1894 1612 1921 1652 ,
1977 1554 2350 1633 memoriae
2407 1556 2850 1654 posterorum
2907 1556 3203 1634 tradidit
3257 1560 3507 1633 Petrus
3565 1555 3954 1636 Manilius.

769 1654 1335 1735 Tertiodecimo
1388 1657 1649 1735 saeeulo
1700 1714 1728 1755 .,
1814 1657 1888 1735 8<
1941 1657 2346 1757 insequenti
2407 1656 2710 1735 ineunte
2764 1713 2789 1752 ‚
2842 1658 3152 1736 florebat
3208 1660 3348 1735 Vir
3402 1656 3691 1737 illustris
3727 1678 3770 1753 ·‚
3823 1663 3956 1736 Ca-

759 1755 1045 1836 talanus
1101 1760 1398 1839 natione
1451 1816 1478 1856 ,
1538 1765 1824 1839 Domus
1878 1758 2125 1838 nostrae
2178 1758 2773 1838 Barchinonensis
2828 1757 3169 1859 profess'us
3250 1762 3460 1864 Oordi·
3505 1782 3558 1835 ’9
3617 1758 3952 1841 Praedica-

755 1874 998 1938 torum
1053 1915 1080 1956 ‚
1134 1862 1385 1941 multis
1437 1863 1868 1941 nominibus
1946 1861 2334 1961 probitatis
2384 1917 2410 1957 ‚
2481 1864 2554 1937 8(
2625 1863 3036 1941 litterarum
3108 1863 3380 1963 peritiaz
3468 1861 3876 1960 ipe-&rabilis
3928 1918 3949 1938 .

753 1962 1399 2041 commentarium
1457 1964 1727 2066 scripsit
1780 1965 1871 2042 de
1927 1962 2158 2065 Gestis
2192 1962 2459 2065 Jacobi
2511 1972 2568 2039 I.
2629 1965 2849 2063 Regis
2902 1975 3382 2061 Aragonum:
3438 1990 3588 2062 quo
3642 1989 3730 2041 ex
3753 1966 3946 2061 Ope-

759 2083 841 2138 re
896 2062 1238 2142 haetenus
1292 2065 1571 2143 inedito
1624 2065 1988 2164 prolixum
2044 2067 2132 2143 de
2164 2064 2434 2144 SanCto
2459 2065 2887 2144 Raimundo
2938 2065 3435 2144 testimonium
3490 2065 3950 2160 desumptum

751 2162 1028 2262 prostat
1107 2168 1297 2265 apud
1374 2167 1837 2245 Franciscum
1916 2167 2241 2267 Diagum
2319 2166 2399 2244 in
2471 2166 2798 2245 Historia
2869 2165 3182 2263 ejusdem
3259 2165 3501 2247 Sanni
3579 2164 3947 2263 hispanice

754 2263 1017 2366 scripta
1068 2318 1113 2363 ‚-
1147 2292 1232 2346 ac
1287 2267 1483 2369 typis
1537 2269 1729 2345 edita
1782 2293 1981 2345 anno
2045 2275 2256 2347 1601.
2312 2269 2384 2346 8<
2438 2270 2629 2367 apud
2692 2273 3039 2347 Ioannem
3099 2271 3444 2370 Tamayo
3495 2267 3584 2345 de
3653 2266 3947 2347 Salazar

748 2367 1008 2447 Tomo
1064 2373 1121 2446 Ι.
1178 2370 1714 2487 Martyrologii
1774 2370 2086 2469 Hispani
2139 2427 2164 2466 ‚
2268 2397 2354 2448 ac
2433 2372 2732 2447 demum
2817 2370 3005 2447 inter
3090 2368 3551 2448 Testimonia
3607 2366 3865 2449 seleR'a
3916 2424 3947 2467 ,
4050 2410 4069 2427 .,

742 2492 909 2568 quae
960 2479 1272 2550 summae
1325 2470 1844 2551 Raimundinae
1897 2472 2251 2572 pra‘rniffa
2305 2471 2622 2571 legimus
2680 2471 2756 2548 in
2793 2470 3142 2550 Editione
3199 2473 3292 2547 ab
3352 2470 3943 2567 HonoratoVin-

736 2572 996 2652 centio
1051 2577 1285 2675 Laget
1335 2593 1716 2670 accurata,
1768 2600 1851 2652 ac
1910 2579 2222 2652 Veronae
2275 2600 2471 2652 anno
2505 2601 2717 2671 1744.
2773 2574 3059 2653 recusa.
3119 2576 3367 2651 Verba
3395 2573 3592 2659 sunt:
3647 2628 3699 2668 ‚‚
3750 2577 3945 2653 Con·

732 2678 792 2773 ‚5
836 2673 1253 2754 versionem
1306 2677 1535 2754 etiam
1591 2676 2002 2754 infidelium
2058 2679 2390 2755 ardenter
2441 2674 2841 2754 defici-:rans
2892 2732 2920 2772 ‚
2996 2674 3289 2775 rogavit
3363 2673 3728 2752 eximium
3789 2679 3937 2752 Do-

739 2827 801 2876 „
852 2776 1133 2856 &orem
1191 2784 1419 2859 Sacrae
1475 2779 1765 2880 Paginae
1818 2778 2273 2880 Magistrum
2328 2776 2406 2856 in
2458 2776 2885 2877 Theologia
2938 2781 3017 2857 F.
3056 2778 3437 2858 ‘I'homam
3491 2778 3579 2858 de
3634 2776 3943 2875 Aquino

728 2929 789 2978 9,
840 2877 1157 2977 ejusdem
1196 2879 1522 2976 ‚Ordinis
1573 2938 1591 2956 .
1645 2937 1665 2958 .
1720 2939 1749 2957 ,Α
1792 2938 1813 2960 .
1867 2937 1886 2960 .
1940 2941 1958 2958 .
2014 2938 2032 2958 .
2087 2938 2107 2958 .
2160 2900 2244 2960 ut
2293 2904 2474 2981 opus
2526 2878 2822 2979 aliquod
2876 2879 3144 2962 faceret
3221 2902 3470 2958 contra
3522 2876 3941 2972 infidelium

652 3065 671 3084 .
727 3030 785 3081 9,
836 3007 1152 3078 errores,
1203 3007 1336 3081 per
1387 2984 1584 3082 quod
1633 2983 1706 3060 8<
1758 2986 2225 3062 tenebrarum
2276 2983 2659 3061 tolleretur
2690 2982 2979 3084 caligo,
3029 2984 3105 3060 8<
3159 2981 3322 3063 veri
3353 2980 3543 3061 Solis
3594 2979 3931 3059 dosirina

725 3134 782 3183 „
831 3084 1123 3163 credere
1176 3082 1602 3162 nolentibus
1653 3087 2092 3184 panderetur
2143 3141 2161 3161 .
2217 3083 2434 3163 Fecit
2485 3083 2831 3183 magister
2879 3085 3007 3164 ille
3059 3141 3087 3182 .,
3187 3083 3385 3187 quod
3455 3082 3641 3164 tanti
3697 3081 3934 3163 Patris

717 3213 777 3286 ,ᾗ
828 3185 1131 3265 humilis
1181 3186 1597 3286 deprecatio
1649 3185 2065 3287 requirebat
2114 3215 2144 3263 .·
2196 3187 2271 3265 8<
2318 3196 2698 3264 Summam
2749 3243 2776 3284 ‚
2827 3211 2983 3286 quae
3038 3211 3291 3266 contra
3343 3185 3678 3266 Gentiles
3745 3184 3923 3265 inti·

723 3342 783 3387 „
831 3288 1146 3385 tuimur,
1197 3288 1616 3390 composuit
1643 3345 1672 3388 ‚
1724 3314 1883 3388 quae
1938 3314 2071 3390 pro
2124 3288 2249 3367 illa
2284 3288 2595 3367 materia
2646 3313 2796 3369 non
2848 3289 3165 3369 habuiffe
3218 3312 3473 3390 parem
3524 3283 3929 3367 creditur.”

721 3390 1031 3491 Suppari
1086 3389 1246 3470 testi
1298 3392 1725 3491 deneganda
1775 3390 1952 3472 fides
2004 3416 2154 3471 non
2207 3390 2345 3471 est.
2399 3391 2522 3471 Ad
2572 3414 2849 3471 annum
2915 3418 3127 3489 1275.
3183 3394 3420 3469 vitam
3472 3390 3626 3488 e'git
3677 3389 3926 3467 &Rai-

680 3495 1035 3575 »mundus
1089 3522 1106 3572 :
1159 3519 1442 3595 proque
1496 3495 1668 3573 zelo
1716 3549 1745 3592 ‚
1795 3520 1946 3596 quo
1997 3497 2522 3574 Saracenorum
2600 3493 3163 3572 &·1nfidelium
3222 3492 3520 3570 salutern
3579 3506 3926 3568 aeternam

708 3595 1097 3696 deperibat
1129 3650 1157 3691 ‚
1209 3597 1456 3696 potuit
1509 3595 1869 3696 Aquinati
1923 3622 2103 3695 opus
2163 3597 2544 3695 iniungere
2577 3649 2605 3690 ‚
2659 3610 2784 3672 aut
2835 3593 3074 3692 operis
3129 3591 3277 3689 jam
3330 3591 3669 3691 concepti
3720 3616 3922 3668 com·

709 3698 1183 3796 plementum
1237 3698 1527 3775 suadere
1580 3753 1606 3792 ‚
1674 3699 1875 3796 quod
1927 3720 2184 3774 eorum
2236 3698 2329 3774 ad
2381 3690 2934 3774 converssonem
2990 3693 3315 3772 maxime
3396 3691 3579 3769 utile
3654 3689 3842 3771 foret
3892 3748 3916 3770 .

708 3798 1030 3878 Calamo
1082 3797 1280 3876 Petri
1337 3796 1660 3875 Marfilii
1718 3796 1982 3897 scripta
2036 3795 2305 3894 prostat
2357 3807 2430 3874 S.
2484 3794 2896 3875 Raimundi
2952 3796 3126 3873 Vita
3177 3850 3206 3889 ‚
3272 3795 3679 3892 eademque
3746 3795 3915 3872 Bar-

708 3900 1043 3979 chinone
1099 3924 1295 3978 anno
1358 3905 1575 3976 1601.
1681 3898 1877 4000 typis
1928 3898 2125 3976 edita
2181 3924 2199 3975 :
2272 3924 2432 3998 quae
2487 3915 2735 3976 tamen
2816 3921 2967 3975 non
3022 3895 3118 3974 est
3167 3895 3351 3992 nisi,
3459 3904 3908 3994 fimes-ptum

708 4025 803 4080 ex
856 4001 1426 4084 Commentario
1529 4002 1623 4086 de
1674 4005 1912 4080 Rebus
1965 3998 2200 4103 Gestis
2235 4011 2303 4105 J
2305 3998 2498 4079 acobi
2558 4010 2622 4083 Ῑ.
2698 3999 2923 4099 Regis
2980 4009 3406 4098 Aragonum
3457 4052 3480 4074 .
3537 3989 3912 4111 ‘Elogium

702 4101 859 4286 (eiius
915 4103 1532 4183 accuratissimum
1585 4104 1885 4182 consule
1934 4105 2127 4203 apud
2183 4104 2601 4182 Echardum
2655 4101 2845 4182 inter
2895 4101 3293 4203 Scriptores
3369 4098 3675 4186 Ordinis
3731 4102 3911 4178 Prae·

782 4221 1115 4287 catorum
1172 4262 1191 4282 .
3159 4229 3164 4234 ·

805 4311 909 4389 ΙΙ.
964 4306 1635 4388 Praestantiffimum
1687 4333 1869 4406 opus
1924 4305 2001 4384 in
2054 4305 2269 4386 editis
2324 4308 2577 4406 paffim
2629 4307 2984 4407 exemplis
3039 4300 3459 4384 inscribitur
3506 4355 3535 4398 ‚
3603 4312 3911 4381 Summe

701 4409 1093 4488 Catholicae
1145 4407 1364 4488 Fidei
1415 4431 1668 4488 contra
1723 4407 2056 4491 Gentiles
2106 4435 2127 4486 t
2182 4427 2308 4487 aut
2360 4420 2674 4487 summae
2725 4408 3109 4496 Catholicae
3140 4405 3354 4484 Fidei
3408 4426 3659 4484 contra
3715 4413 3905 4482 Gen·

698 4510 873 4592 tiles
928 4511 1141 4591 Libri
1195 4534 1506 4610 quatuor
1554 4568 1574 4587 .
1634 4515 1747 4588 De
1800 4509 2000 4588 tituli
2056 4510 2502 4610 antiquitate
2568 4511 2899 4589 dubitare
2969 4535 3119 4587 non
3189 4507 3428 4587 smunt
3501 4507 3905 4589 Bet-nardus

702 4612 1083 4691 Guidonis
1133 4666 1160 4711 ‚
1215 4613 1536 4731 Joannes
1586 4612 1983 4707 Columna,
2038 4615 2286 4690 Petrus
2343 4611 2713 4690 Marfilius
2765 4667 2783 4688 .
2838 4613 2973 4690 Ait
3027 4611 3304 4711 primus
3358 4638 3375 4687 ε
3429 4606 3732 4716 Scripsit
3798 4609 3900 4688 (9⁹

692 4714 972 4793 librum
1026 4770 1056 4812 ‚
1107 4739 1235 4811 qm
1292 4711 1731 4794 intitulatur
1781 4723 2083 4791 Summa
2130 4736 2381 4791 contra
2434 4712 2766 4793 Gentiles
2815 4770 2836 4791 .
2887 4714 3148 4793 Alter:
3202 4723 3579 4793 Summam
3649 4731 3901 4789 eontra

693 4815 1041 4897 Gentiles
1076 4811 1282 4917 fhcit
1333 4872 1352 4892 .
1457 4813 1861 4894 Postremus
1915 4841 1935 4892 z
1989 4823 2367 4892 Summam
2418 4869 2446 4914 ,
2496 4842 2651 4912 quae
2699 4837 2950 4894 contra
3002 4816 3333 4896 Gentiles
3384 4812 3824 4894 intitulatur
3871 4863 3903 4905 ‚

691 4917 1101 5036 composuit
1150 4974 1169 4995 .
1224 4919 1408 5035 Non
1460 4917 1647 4995 adeo
1697 4914 2148 4996 constantem
2199 4916 2387 4995 hanc
2437 4915 2640 4996 fuisse
2695 4918 2961 5018 Operis
3033 4916 3588 5018 inscriptionem
3619 4968 3651 5010 ‚
3719 4912 3896 4991 alio-

607 5117 611 5120 *
695 5038 864 5109 rum
926 5019 1349 5108 testimonla
1397 5020 1741 5105 evincere
1811 5018 2155 5109 videntur
2203 5075 2225 5100 .
2307 5019 2496 5103 lnud
2572 5019 2894 5124 appellat
2959 5021 3399 5103 Ptolomaeus
3466 5012 3890 5204 LucensisL3

1822 5181 1829 5188 ,
2741 5198 2745 5203 ,
3854 5151 3908 5201 ι.
