4597 5696
1280 397 1869 485 CONTRA
1952 378 2695 465 GENTILES
2781 376 3029 451 tra.
3109 373 3165 435 1.

3744 375 3814 435 ¹3

618 513 876 597 fiderat
925 503 944 588 .’
1024 504 1400 586 Desiderat
1450 488 1697 581 autem
1751 497 1983 597 ipsum
2036 495 2164 573 ho·
2264 493 2467 569 tione
2517 487 2803 577 videtur
2852 485 3054 587 posse
3108 480 3586 561 demonstrari
3637 536 3666 580 ‚
3719 507 3819 560 an

618 642 752 695 mo
802 609 1220 690 naturaliter
1258 661 1285 701 ‚
1338 607 1769 702 inquantum
1821 595 2166 675 desiderat
2272 596 2478 671 Deus
2529 586 2612 665 fit
2663 643 2681 662 .
3739 610 3742 613 ·

617 714 1046 795 naturaliter
1083 705 1609 786 beatitudinem
1632 755 1657 795 ‚
1675 725 1836 798 quae
1854 695 1949 773 est
1977 716 2163 796 quae-

2371 720 2438 767 2.
2497 686 2824 766 Item.Si
2855 666 3320 785 *principium
3374 682 3465 759 ad
3515 682 3818 759 demon‹

617 818 790 896 darn
843 811 1239 890 similitudo
1288 804 1551 883 divinae
1605 798 1948 877 bonitatis
1970 854 1990 874 .
2043 795 2163 877 Sic
2263 790 2628 879 strandum
2699 814 2796 865 an
2864 784 2967 885 cst
3017 840 3044 878 ‚
3115 783 3505 862 secundum
3577 799 3817 859 artem

619 915 848 1015 igitur
912 937 1064 990 non
1149 922 1433 1006 oportet
1504 902 1697 1001 quod
1765 903 1967 977 Deus
2020 896 2168 997 ipse
2256 885 2737 987 Philosophi,
2787 901 3074 986 oportet
3124 885 3449 982 accipere
3500 882 3683 981 quid
3735 878 3820 956 fi-

621 1016 708 1096 in
762 1014 830 1091 se
882 1008 1357 1088 consideratus
1429 1003 1512 1079 s1t
1565 998 1990 1078 naturaliter
2041 1023 2171 1075 no-
2272 990 2573 1090 gnificet
2624 1012 2946 1069 nomena
2997 985 3191 1061 ratio
3236 1010 3417 1060 vero
3465 979 3822 1081 significa-

623 1136 741 1194 tus
792 1110 1082 1189 homini
1135 1164 1162 1203 ‚
1234 1108 1351 1184 sed
1426 1102 1819 1180 fimilitudo
1894 1096 2107 1195 ipsius
2156 1151 2177 1173 .

626 1216 850 1295 Unde
904 1227 1189 1308 oportet
1239 1206 1432 1304 quod
1485 1228 1610 1301 per
1661 1200 1815 1296 ejus
1848 1197 2172 1276 similitu-

630 1313 834 1392 dines
888 1310 965 1386 in
1017 1308 1391 1386 effeffibus
1444 1318 1754 1401 repertas
1807 1299 1887 1375 in
1927 1298 2170 1394 cogni-

623 1415 910 1528 tionem
968 1410 1178 1511 ipfius
1231 1407 1458 1486 homo
1493 1400 1993 1480 ratiocinando
2022 1423 2174 1497 per-

625 1530 884 1595 vemat
934 1570 952 1589 .

736 1615 858 1691 Ad
910 1612 1246 1711 quintam
1297 1607 1521 1683 etiam
1574 1606 1662 1681 de
1730 1595 1929 1679 sacili
1982 1615 2183 1697 patet

636 1713 907 1799 solutio
940 1768 958 1786 .
1015 1714 1221 1787 Nam
1294 1712 1493 1783 Deus
1562 1701 1695 1778 est.
1732 1702 2035 1798 quidem
2097 1700 2180 1775 in

630 1840 782 1914 quo
853 1809 1105 1889 omnia
1139 1804 1702 1903 'cognoscuntur
1756 1852 1783 1892 ,
1834 1823 2005 1879 non
2062 1800 2179 1879 fita

631 1914 831 2014 quod
884 1910 1029 1988 alia
1080 1931 1229 1984 non
1297 1901 1823 1999 cognoscantur
1891 1894 2025 1973 nisi
2091 1921 2182 1974 eo

631 2013 936 2111 cognito
988 2064 1014 2101 ‚
1084 2007 1259 2083 ficut
1327 2005 1405 2079 in
1476 1998 1847 2099 principiis
1918 2018 2043 2091 per
2112 1995 2185 2074 se

639 2113 836 2193 notis
889 2107 1151 2187 accidit
1200 2157 1226 2197 ‚
1283 2104 1395 2178 sed
1448 2101 1623 2197 quia
1691 2122 1819 2195 per
1871 2096 2025 2193 ejus
2076 2095 2181 2171 in-

637 2208 1023 2313 {fluentiam
1111 2202 1353 2284 omnis
1429 2197 1755 2281 causatur
1821 2195 1906 2272 in
1977 2194 2193 2274 nobis

640 2309 1016 2412 cognitio.

806 2445 816 2452 ’
967 2467 1023 2531 c
1108 2465 1169 2528 A
1255 2460 1303 2525 1>
1394 2460 1453 2522 υ
1540 2458 1602 2519 T
1726 2453 1889 2518 xn.

657 2593 751 2656 De
793 2614 822 2651 ο
860 2588 1046 2651 inione
1084 2584 1385 2646 dicentium
1427 2619 1447 2657 ‚
1506 2577 1653 2659 quod
1709 2578 1891 2636 Deum
1934 2571 2033 2651 effi·
2064 2571 2196 2653 sola

817 2670 885 2731 de
925 2685 1166 2743 tenetur,
1215 2661 1292 2725 <9
1334 2656 1689 2735 demonstrari
1727 2677 1833 2715 non
1871 2651 2038 2731 potest
2053 2693 2071 2713 .

815 2811 1264 3006 Shiguperaedi
1342 2929 1397 2981 ae
1435 2898 1771 2999 positioni
1814 2895 2203 2988 contraria,

648 3031 782 3108 per
851 3033 1073 3107 quam
1146 3006 1369 3084 etiam
1439 2997 1718 3102 inutilis
1790 2995 2203 3074 redderetur

657 3125 959 3284 cic->natus
1012 3108 1314 3206 probare
1350 3099 1885 3181 intendentium
1904 3150 1930 3193 ,
1949 3098 2200 3174 Deum

653 3230 696 3286 e
728 3233 804 3285 se
838 3265 855 3282 .

763 3307 1047 3386 Dicunt
1098 3296 1303 3381 enim
1349 3355 1375 3394 ‚
1427 3300 1625 3399 quod
1675 3303 1921 3376 Deum
1972 3294 2121 3372 esse
2171 3346 2200 3389 ‚

650 3413 805 3485 ¹non
875 3403 1102 3506 potest
1172 3428 1299 3502 per
1374 3401 1736 3477 rationem
1810 3395 2124 3471 inveniri
2178 3418 2201 3483 ς

650 3508 772 3585 sed
825 3532 952 3605 per
1005 3505 1233 3583 solam
1283 3502 1486 3581 viam
1539 3497 1707 3577 fidei
1740 3550 1767 3591 ,
1826 3496 1900 3574 8<
1934 3493 2200 3574 revela·

654 3608 883 3687 tionis
932 3605 1029 3683 est
1080 3621 1459 3701 acceptum
1503 3656 1521 3675 .

761 3710 886 3785 Ad
937 3707 1077 3784 hoc
1113 3724 1358 3782 autem
1397 3701 1786 3778 dicendum
1822 3692 2006 3774 moti
2046 3694 2206 3773 sunt

656 3809 963 3910 quidam
1003 3825 1294 3905 propter
1330 3802 1786 3880 debilitatem
1809 3797 2207 3890 rationum,

655 3935 834 4009 quas
886 3906 1115 4006 aliqui
1168 3904 1606 3983 inducebant
1644 3898 2207 4001 adprobandum

660 4012 915 4090 Deum
969 4006 1116 4086 esse
1167 4063 1189 4083 .
2188 4023 2189 4026 ‘

779 4139 839 4187 1.
897 4107 1139 4187 Posset
1174 4125 1422 4183 tamen
1454 4104 1577 4179 hic
1608 4124 1803 4178 error
1838 4097 2216 4177 fulcimen-

664 4224 831 4288 tum
880 4208 1179 4307 aliquod
1256 4203 1433 4281 salso
1502 4202 1633 4280 fibi
1701 4201 2059 4279 assumere
2124 4224 2214 4276 ex

665 4312 1124 4410 quorundam
1166 4304 1773 4404 Philosophorum
1807 4300 2057 4393 dietis,
2085 4294 2212 4400 qui

674 4407 1081 4489 ostendunt.
1111 4460 1141 4500 ‚
1190 4404 1276 4482 in
1325 4411 1490 4484 Deo
1542 4428 1669 4504 per
1720 4399 2083 4479 rationem
2161 4398 2218 4478 i-

671 4510 845 4587 dern
897 4507 1042 4586 esse
1096 4503 1523 4599 essentiam,
1573 4504 1648 4582 8<
1700 4502 1898 4595 csse,
1949 4501 2219 4579 scilicet

677 4608 762 4690 id
814 4608 1013 4709 quod
1061 4607 1521 4704 respondetur
1573 4605 1667 4682 ad
1719 4601 1901 4702 quid
1952 4598 2099 4701 est,
2126 4602 2223 4678 ὃς

665 4706 1294 4825 *ad-quaestionem
1366 4734 1461 4782 an
1513 4703 1618 4809 est
1667 4760 1692 4782 .
1760 4703 1907 4780 Via
1974 4720 2223 4780 autem

1319 2799 1597 2880 uaedam
1664 2794 1978 2873 aliorum
2047 2790 2199 2891 opi·

2280 1107 2355 1179 ta
2408 1115 2533 1189 per
2584 1113 2856 1183 nomen
2908 1084 3008 1162 est
3041 1083 3392 1162 diffinitio
3427 1082 3821 1171 secundum

2278 1189 2799 1288 Philosophum
2903 1186 2985 1263 in
3090 1188 3225 1262 IV.
3334 1179 3827 1281 Metaphyfic.

2279 1292 2306 1388 (
2362 1305 2531 1368 text.
2584 1314 2769 1366 xxvi
2794 1313 2904 1366 11.
2958 1285 2990 1382 )
3037 1282 3240 1361 nulla
3290 1281 3518 1381 igitur
3593 1303 3827 1362 rema-

2277 1391 2486 1468 nebit
2535 1390 2658 1467 via
2708 1388 2800 1465 ad
2864 1383 3502 1464 demonstrandum
3576 1383 3826 1458 Deum

2279 1493 2427 1569 esse
2480 1546 2509 1583 ‚
2559 1504 2838 1566 remota
2907 1486 3191 1565 divinae-
3245 1482 3553 1562 essentiae
3604 1535 3660 1578 ,7
3701 1476 3830 1560 vel.

2282 1591 2702 1692 quidditatis
2752 1585 3176 1684 cognitione
3229 1641 3251 1660 .
3763 1656 3772 1661 ,

2393 1719 2461 1788 3.
2515 1695 2705 1768 Item
2733 1743 2753 1763 .
2808 1687 2884 1765 Si
2936 1681 3567 1762 demonstrationis
3634 1679 3831 1777 prin-

2280 1786 2472 1887 cipia
2555 1815 2598 1863 a
2681 1785 2884 1863 sensu
2951 1782 3394 1881 cognitionis
3461 1781 3571 1858 ori
3626 1781 3834 1857 inem

2285 1890 2577 1965 sumunt
2634 1912 2663 1979 ‚‘
2709 1902 2808 1960 ut
2861 1883 2939 1958 in
3012 1879 3527 1981 posterioribus
3660 1891 3836 1956 text.

2284 1985 2633 2079 xxx111.)
2684 1979 3125 2069 ostenditur,
3179 2005 3263 2058 ea
3314 2004 3476 2079 quae
3526 2002 3838 2057 omnem

2286 2086 2580 2163 sensum·
2619 2082 2645 2174 ’,
2683 2085 2767 2160 .&
2839 2080 3193 2159 sensibilia
3261 2080 3617 2161 excedunt
3650 2137 3677 2176 ,
3724 2078 3838 2156 vi·

2291 2187 2551 2263 dentur
2604 2176 3272 2260 indemonstrabilia
3325 2180 3463 2258 e'lse
3492 2235 3514 2257 .
3570 2176 3840 2274 Hujus-

2290 2285 2497 2362 modi
2549 2299 2794 2360 autem
2847 2279 2946 2356 est
2993 2286 3241 2363 Deum
3292 2279 3484 2361 esse.
3535 2278 3662 2359 Est
3702 2277 3845 2379 igi-

2268 2404 2412 2501 glr
2466 2379 3099 2461 indemonstrabile
3135 2438 3160 2459 .

2399 2483 2842 2582 Hujusmodi
2893 2498 3143 2561 autem
3211 2481 3578 2560 sententiae
3653 2476 3850 2557 falfi-

2293 2600 2408 2666 tas
2455 2584 2667 2662 nobis
2718 2582 3110 2661 ostenditur
3162 2595 3321 2661 tum
3395 2606 3486 2659 ex
3536 2581 3837 2658 demon-

2293 2685 2656 2764 strationis
2704 2698 2857 2759 arte
2879 2736 2902 2777 ‚
2926 2707 3084 2782 quae
3136 2707 3226 2761 ex
3259 2672 3636 2758 effeffib‘us
3670 2704 3836 2756 cau-

2305 2788 2411 2865 sas
2477 2784 2905 2865 concludere
2975 2783 3186 2861 docet
3238 2809 3253 2854 :
3328 2796 3487 2865 tum
3541 2806 3632 2860 ex
3683 2776 3840 2880 ipso

2305 2886 2768 2967 scientiarum
2820 2881 3073 2962 ordine
3127 2911 3144 2960 τ
3201 2903 3376 2959 nam
3428 2880 3479 2958 fi
3531 2906 3684 2959 non
3761 2878 3849 2956 fit

2303 2988 2546 3086 aliqua
2617 2982 2882 3062 scibilis
2961 2977 3344 3061 substantia
3412 2981 3618 3079 supra
3689 2979 3846 3057 sub-

2300 3088 2634 3167 stantiam
2690 3082 3097 3162 sensibilem
3131 3137 3161 3177 ‚
3211 3108 3362 3160 non
3413 3083 3554 3159 erit
3604 3080 3848 3178 aliqua

2300 3185 2597 3272 scientia
2651 3187 2855 3284 supra
2905 3182 3312 3262 naturalem
3363 3235 3389 3275 ‚
3443 3199 3538 3270 ‘ut
3587 3181 3852 3268 dicitur

2302 3289 2383 3366 in
2425 3286 3113 3388 IV.Metaphys1c.(
3134 3301 3305 3362 text.
3340 3306 3716 3382 cornm.v1
3742 3281 3853 3378 ι.)

2304 3406 2466 3467 tum
2534 3411 2622 3464 ex
2691 3382 3295 3484 Philosophorum
3363 3381 3594 3468 studio
3642 3435 3668 3474 ‚
3719 3378 3853 3479 qui

2311 3494 2557 3566 Deum
2610 3485 2755 3563 esse
2807 3485 3292 3564 demonstrare
3341 3482 3581 3562 conati
3639 3481 3844 3559 sunt:

2307 3606 2466 3667 tum
2535 3584 2757 3664 etiam
2834 3583 3220 3684 apostolica
3303 3585 3607 3661 veritate
3674 3580 3852 3660 asse-

2305 3706 2510 3769 rente
2564 3692 2788 3766 Rom.
2816 3712 3016 3764 1.2o.
3038 3683 3467 3786 Invisibilia
3520 3681 3684 3764 Dei.
3715 3702 3854 3783 per

2305 3820 2392 3872 ea
2414 3817 2618 3904 ,φησι
2656 3783 2874 3883 facta
2925 3790 3119 3887 sunt
3168 3843 3196 3884 ,
3248 3786 3629 3867 intellecta
3695 3810 3853 3865 con-

2290 3890 2733 3993 sptcumtur
2780 3944 2801 3965 .
2905 3917 2908 3920 “
3695 3957 3698 3960 ,

2422 3995 2590 4071 Nec
2660 3990 2797 4098 hoc
2866 3989 3082 4071 debet
3148 4013 3446 4069 movere
3513 3986 3715 4088 quod
3780 3986 3862 4069 in

2320 4100 2489 4208 Deo
2539 4093 2738 4206 idem
2792 4090 2890 4168 est
2944 4091 3244 4170 essentia
3294 4144 3320 4182 ‚
3372 4091 3444 4167 8<
3496 4090 3648 4167 esse
3696 4144 3723 4183 ‚
3773 4103 3858 4168 ut

2315 4194 3359 4393 {gffifigfflfdss‘ssffiffbgssa
3401 4187 3862 4394 2235&

2319 4396 2477 4514 {pso
2532 4392 2879 4488 subfistit,
2924 4394 3118 4492 quod
3149 4392 3386 4506 ‘nobis
3432 4391 3647 4493 quale
3698 4393 3784 4472 fit
3830 4446 3864 4487 ‚

2321 4513 2664 4597 ignotum
2713 4493 3054 4598 est,sicut
3104 4519 3256 4590 ejus
3307 4494 3666 4586 elkentia3
3711 4518 3865 4572 non

2323 4617 2568 4676 autem
2621 4593 3056 4695 intelligitur
3107 4599 3194 4674 de
3247 4595 3391 4675 esse
3424 4595 3618 4696 quod
3656 4592 3876 4696 figniv

2323 4699 2494 4777 fleat
2543 4694 3156 4797 compofitionem
3222 4695 3628 4775 intellectus
3682 4725 3702 4775 :
3773 4694 3870 4773 fic

671 4829 975 4888 rationis
1026 4804 1396 4909 perveniri
1450 4830 1604 4887 non
1658 4802 1888 4904 potest
1924 4819 2007 4881 ut
2059 4799 2229 4881 scia-
2332 4799 2533 4878 enim
2586 4799 2730 4877 esse
2784 4801 3030 4880 Deum
3068 4854 3095 4896 ‚
3148 4797 3274 4878 sub
3327 4795 3867 4876 demonstratio·

673 4925 793 4991 tur
842 4911 932 4992 de
984 4914 1154 4994 Deo
1204 4906 1386 5010 quid
1432 4903 1532 4985 est
1593 4925 1611 4979 ε
1668 4906 1857 4988 unde
1908 4928 2045 5030 nec
2123 4928 2232 4987 ra·
2294 4923 2428 5012 'ne
2493 4901 2693 4984 ‘cadit
2739 4954 2771 5006 ‚
2870 4903 3052 4984 dum
3085 4925 3210 5016 ⁸ex
3279 4896 3684 5005 rationibus
3754 4894 3872 4969 de-

3523 5017 3540 5038 ‘
3666 5015 3878 5073 mon·
