4597 5696
1332 358 1924 427 CONTRA
2010 363 2764 431 GENTILES
2847 361 3284 429 L18.11.

3775 359 3882 441 ¹85

675 466 786 551 est
837 465 930 551 ad
980 463 1220 572 plures
1274 460 1572 542 effeffius
1612 517 1638 558 ‚
1694 459 1959 540 faceret
2009 488 2243 541 unum
2303 465 2754 573 bonitatem
2812 459 3174 542 individui
3227 517 3255 558 ‚
3306 460 3484 545 ficut
3533 459 3844 546 formale
3877 519 3907 562 ‚

681 575 983 656 illorum
1036 564 1714 664 tantum,potentia
1766 562 1918 654 eius
1957 566 2244 644 nonita
2348 569 2426 649 id
2475 569 2674 667 quod
2723 563 2825 644 est
2877 563 3256 644 materiale
3296 619 3316 640 .
3370 566 3628 668 Magis
3679 568 3910 668 igitur

675 674 1046 776 complete
1099 669 1558 752 reduceretur
1610 666 1693 762 in·
1757 663 2004 745 auum
2058 665 2237 746 licut

673 801 849 868 cum
903 772 1080 853 facit
1162 769 1319 848 lura
1341 824 1358 844 .
1416 771 1551 845 Per
1578 766 1715 845 hoc
1770 787 2016 846 autem
2037 769 2236 868 quod

758 875 1009 956 ‘tentia
1180 871 1299 948 iva
1336 868 1703 949 reducitur
1725 871 1802 947 in
1820 868 2229 965 aelum‚ef-

706 976 907 1058 ectus
944 972 1412 1073 consequitur
1441 970 1990 1050 fimilitudinem
2014 995 2231 1071 agen-

675 1081 771 1159 tis
822 1135 842 1156 .
904 1081 1105 1177 Ergo
1150 1099 1305 1156 non
1359 1073 1531 1153 effet
1582 1070 1896 1172 perfecta
1950 1072 2098 1151 Dei
2151 1071 2232 1148 fi-

676 1179 1027 1259 militudo
1082 1178 1158 1257 in
1210 1174 1550 1280 universo
1592 1226 1621 1270 ‚
1673 1174 1725 1252 fi
1799 1175 1971 1254 esset
2045 1199 2233 1254 unus

674 1299 962 1362 tanturn
1015 1281 1277 1381 gradus
1313 1276 1653 1357 omnium
1677 1277 1963 1360 entium
1982 1335 2004 1355 .
2059 1281 2226 1356 Pro·

664 1400 829 1485 pter
881 1384 1022 1463 hoc
1072 1381 1304 1483 igitur
1341 1380 1440 1458 est
1491 1376 1962 1459 distinffioin
2012 1381 2226 1460 rebus

665 1485 930 1567 creatis
968 1540 992 1580 ‚
1044 1502 1127 1563 ut
1177 1478 1567 1584 perfeftius
1622 1482 1767 1560 Dei
1820 1480 2225 1561 fimilitudi-

667 1610 838 1665 nem
893 1587 1427 1685 consequantur
1477 1607 1607 1683 per
1676 1583 1909 1663 multa
1995 1608 2218 1682 quam

665 1714 797 1790 per
849 1715 1077 1768 unum
1102 1746 1120 1764 .

772 1819 834 1892 3.
895 1790 1198 1870 Adhuc.

663 1893 863 1974 ribus
915 1891 1015 1969 est
1073 1896 1240 1971 Deo
1265 1887 1543 1983 simile,
1599 1906 1805 1968 tanto
1833 1885 2032 1990 perse
2111 1888 2223 1967 ius

658 1996 751 2073 ad
801 1992 953 2092 ejus
980 1992 1532 2072 (imilitudinem
1553 1992 1871 2070 accedit.
1932 1993 2020 2068 In
2053 1994 2223 2069 Deo

660 2112 912 2175 autem
963 2094 1062 2173 est
1116 2094 1405 2174 bonitas
1458 2147 1484 2186 ‚
1534 2090 1607 2169 8<
1671 2090 1963 2171 diffusio
2017 2092 2222 2171 boni·

656 2198 830 2276 tatis
883 2198 962 2274 in
1014 2195 1159 2273 alia
1197 2253 1220 2271 .
1276 2191 1674 2273 Perfefflus
1728 2192 1955 2290 igitur
2023 2218 2217 2272 acce·

663 2298 778 2376 dit
828 2322 939 2378 res
990 2314 1230 2377 creata
1282 2296 1370 2374 ad
1431 2294 1578 2375 Dei
1633 2293 2233 2390 ssmilitudinem,

656 2397 708 2476 fi
768 2425 922 2477 non
973 2397 1205 2478 solum
1263 2399 1455 2476 bona
1507 2394 1655 2491 est,
1689 2395 1803 2473 sed
1851 2397 2086 2474 etiam
2140 2397 2233 2476 ad

656 2500 1070 2579 bonitatem
1124 2500 1439 2579 aliorum
1463 2521 1678 2598 agere
1702 2497 1925 2596 potest
1948 2551 1973 2591 ‚
1991 2522 2217 2595 quam

651 2599 705 2678 fi
764 2600 998 2681 solum
1053 2602 1130 2680 in
1185 2602 1255 2680 se
1311 2602 1504 2680 bona
1554 2601 1767 2683 effen
1800 2598 1977 2677 ficut
2027 2598 2215 2677 fimi-

646 2700 794 2784 lius
847 2702 946 2780 est
1002 2703 1154 2780 Soli
1176 2701 1373 2800 quod
1427 2701 1667 2792 lucet,
1718 2699 2215 2794 &illuminat,

650 2825 877 2900 quam
931 2804 1128 2900 quod
1180 2802 1375 2881 lucet
1427 2817 1713 2878 tantum
1759 2856 1777 2873 .
1858 2802 2041 2878 Non
2095 2825 2212 2877 au·

654 2922 811 2983 tem
864 2902 1090 3002 posset
1137 2918 1467 2980 creatura
1521 2900 1613 2979 ad
1662 2898 2074 2978 bonitatem
2115 2900 2211 2977 al·

653 3004 877 3082 terius
926 3022 1268 3082 creaturae
1340 3024 1558 3103 agere
1590 3057 1618 3098 ‚
1687 3000 1820 3080 nifi
1892 3003 2062 3082 ess'et
2133 3002 2212 3081 in

650 3106 866 3184 rebus
916 3103 1175 3185 creatis
1226 3103 1600 3205 pluralitas
1627 3158 1655 3199 ‚
1704 3104 1779 3183 8(
1831 3102 2203 3206 inaequali-

651 3224 811 3300 tas,
862 3206 1035 3304 quia
1088 3230 1310 3305 agens
1361 3204 1459 3284 est
1509 3205 1706 3285 aliud
1757 3233 1802 3283 a
1855 3210 2207 3306 patiente,

649 3307 725 3384 8<
780 3306 1332 3386 honorabilibus
1366 3331 1516 3393 eo.
1547 3308 1903 3406 Oportuit
1954 3310 2209 3406 igitur,

646 3411 739 3489 ad
793 3407 931 3486 hoc
984 3408 1312 3507 quodin
1361 3407 1712 3489 creaturis
1753 3410 1929 3485 effet
1978 3406 2207 3506 perfe-

644 3507 763 3588 ἃᾶ
821 3509 967 3587 Dei
1019 3508 1348 3591 imitatio
1379 3562 1408 3604 ,
1459 3510 1654 3609 quod
1726 3507 1988 3586 diverti
2040 3533 2199 3608 gra·

643 3613 776 3690 dus
827 3610 904 3688 in
960 3612 1309 3690 creaturis
1361 3610 1905 3689 invenirentur.

750 3740 826 3811 4.
881 3717 1110 3793 Item.
1165 3713 1380 3792 Plura
1426 3712 1624 3791 bona
1674 3736 1827 3791 uno
1875 3713 2075 3790 bono
2122 3709 2200 3791 fi-

641 3812 809 3895 nito
860 3815 1023 3894 sunt
1074 3813 1422 3893 meliora:
1479 3812 1754 3891 habent
1804 3812 2005 3893 enim
2058 3813 2198 3893 hoc

640 3915 733 3992 ad
785 3916 935 3995 haec
986 3916 1339 4016 amplius.
1395 3913 1667 3993 Omnis
1717 3931 1961 3993 autem
2000 3940 2188 3993 crea-

637 4034 812 4096 turae
866 4018 1157 4097 bonitas
1206 4017 1414 4094 finita
1464 4016 1613 4112 est,
1665 4014 1765 4094 est
1816 4019 2017 4095 enim
2071 4019 2187 4096 de·

635 4112 891 4198 ficiens
939 4119 1035 4197 ab
1090 4116 1386 4203 infinita·
1433 4119 1576 4195 Dei
1618 4117 1981 4198 bonitate.
2016 4124 2182 4201 Per·

632 4213 890 4298 feeiius
935 4222 1042 4297 est
1095 4218 1321 4319 igitur
1372 4216 1792 4298 universum
1826 4238 2180 4299 creatura-

626 4339 794 4392 rum
831 4374 861 4413 ,
913 4321 965 4396 fi
1020 4320 1183 4398 sunt
1235 4318 1473 4419 plures
1520 4374 1545 4414 ‚
1617 4346 1841 4421 quam
1912 4320 1964 4399 si
2016 4323 2185 4402 effet

628 4439 815 4503 ,unus
865 4435 1151 4500 tantum
1202 4421 1463 4520 gradus
1514 4445 1755 4500 remm
1803 4482 1820 4501 .
1876 4426 2186 4505 Summo

625 4538 878 4598 autem
956 4524 1157 4602 bono
1224 4523 1582 4621 competit
1662 4523 1897 4603 facere
1980 4527 2179 4624 quod

618 4620 885 4709 melius
937 4623 1036 4705 est
1069 4682 1089 4700 .
1146 4626 1349 4721 Ergo
1401 4626 1845 4705 conveniens
1911 4625 1983 4703 ei
2037 4624 2177 4704 fuit

1256 1792 1564 1890 Quanto
1614 1785 1896 1887 aliquid
1937 1786 2018 1864 in
2118 1785 2224 1867 lu·

2338 672 2541 750 addit
2589 669 2683 748 ad
2718 665 3128 745 bonitatem
3196 665 3513 746 universi
3567 669 3901 749 multitu·

2337 774 2437 853 do
2486 771 2886 872 specierum
2940 791 3165 869 quam
3184 768 3584 849 multitudo
3635 770 3904 851 indivi-

2335 877 2649 962 duorum
2705 872 2785 949 in
2838 893 2984 950 una
3017 868 3292 970 specie.
3351 870 3474 949 Est
3530 870 3757 972 igitur
3804 875 3899 953 ad

2333 974 2863 1076 perfeetionem
2914 969 3223 1051 univerfi
3277 971 3646 1072 pertinens
3666 1029 3692 1070 ‚
3744 1001 3897 1055 non

2337 1077 2572 1158 solum
2605 1075 2807 1176 quod
2859 1071 3096 1151 multa
3128 1071 3286 1153 .smt
3315 1073 3693 1154 individua
3715 1131 3740 1172 ,
3778 1077 3897 1156 sed

2332 1181 2534 1281 quod
2586 1176 2726 1255 fint
2772 1175 3002 1255 etiam
3053 1172 3349 1256 diversa
3428 1200 3674 1254 rerum
3744 1178 3895 1276 spe-

2328 1281 2594 1460 ciesssg
2642 1300 2775 1378 per
2822 1276 3278 1378 consequens
3325 1276 3584 1358 diversi
3625 1281 3890 1378 gradus

2329 1410 2411 1462 ιιι
2464 1408 2542 1461 re
2593 1405 2680 1461 us
2701 1437 2723 1457 .

2429 1490 2501 1566 6.
2558 1489 2790 1565 Item.
2843 1482 3098 1562 Omne
3148 1481 3350 1582 quod
3399 1483 3558 1584 agit
3590 1508 3718 1585 per
3770 1483 3878 1563 in-

2326 1585 2708 1667 tellestum
2745 1640 2772 1681 ‚
2827 1581 3286 1683 repraesentat
3369 1583 3687 1685 speciem
3768 1585 3880 1665 sui

2327 1686 2744 1769 intelleEius
2794 1686 2874 1764 in
2926 1711 3004 1763 re
3057 1682 3411 1778 fafia3fic
3432 1687 3637 1766 enirn
3661 1711 3884 1787 agens

2328 1790 2461 1869 fibi
2515 1815 2646 1890 per
2689 1806 2928 1866 artem
2979 1784 3159 1865 facit
3208 1787 3473 1866 fimile.
3529 1792 3734 1867 Deus
3756 1813 3885 1865 au-

2324 1906 2477 1969 tem
2532 1889 2708 1970 fecit
2757 1903 3172 1969 creaturam
3229 1907 3312 1968 ut
3345 1914 3566 1990 agens
3617 1914 3747 1988 per
3771 1890 3885 1968 in·

2324 1991 2703 2072 telleClum
2747 2046 2773 2088 ‚
2824 1991 2899 2069 &
2963 2014 3116 2068 non
3283 2015 3317 2067 r
3385 1992 3880 2071 neceffitatem

2327 2112 2599 2174 naturae
2641 2148 2667 2189 ‚
2739 2108 2822 2171 ut
2906 2089 3113 2190 supra
3184 2016 3279 2190 ἐκ
3286 2117 3444 2193 cap.
3525 2119 3798 2173 xx111.
3854 2095 3886 2192 )

2326 2195 2694 2275 ostensum
2746 2192 2846 2271 est
2882 2251 2900 2272 .
2955 2192 3247 2294 Species
3319 2195 3545 2294 igitur
3597 2193 3883 2274 intelle-

2335 2295 2496 2377 &us
2542 2295 2786 2376 divini
2840 2319 2920 2372 re
2971 2292 3389 2376 raesentatur
3440 2296 3520 2375 in
3555 2313 3882 2377 creatura·

2333 2423 2464 2500 per
2514 2398 2751 2498 ipsum
2823 2395 2867 2476 f
3047 2454 3067 2473 .
3145 2395 3568 2478 Intellecius
3629 2417 3882 2479 autem

2320 2501 2558 2584 multa
2642 2501 3059 2600 intelligens
3094 2526 3348 2595 ‚tnon
3436 2498 3882 2580 sufficienter

2321 2602 2870 2700 repraesentatur
2922 2600 2999 2675 in
3052 2625 3204 2677 uno
3255 2618 3542 2680 tantum
3579 2655 3600 2674 .
3669 2604 3870 2681 Cum

2319 2703 2549 2801 igitur
2602 2697 3019 2778 intellefiius
3091 2700 3384 2778 divinus
3453 2699 3689 2779 multa
3761 2701 3874 2778 in·

2318 2803 2645 2902 telligat‚
2698 2818 2781 2879 ut
2831 2801 2913 2879 in
2974 2803 3028 2877 1.
3075 2800 3308 2880 Libro
3352 2800 3382 2900 (
3432 2826 3594 2903 cap.
3644 2800 3750 2882 lv.
3796 2802 3874 2884 8:
4009 2884 4026 2891 ,

2314 2905 2481 2983 aliis
2534 2905 2830 3001 praeced.
2883 2902 2909 2999 )
2963 2904 3348 3004 probatum
3401 2903 3502 2984 est
3560 2958 3586 3000 ‚
3639 2902 3867 3005 perfe-

2312 3003 2501 3087 &ius
2557 3006 2624 3084 se
2679 3005 2919 3107 ipsum
2970 3006 3480 3107 repraesentat,
3518 3004 3570 3085 fi
3624 3007 3867 3106 plures

2309 3109 2820 3189 universorum
2876 3111 3235 3208 graduum
3288 3117 3651 3190 creaturas
3703 3133 3865 3209 pro-

2305 3214 2526 3292 ducat
2572 3266 2598 3307 ‚
2649 3235 2877 3312 quam
2929 3210 2983 3288 fi
3037 3235 3266 3289 unum
3323 3228 3615 3290 tantum
3699 3234 3862 3312 pro-

2308 3314 2660 3397 duxifl‘et.

2409 3440 2479 3512 7.
2539 3409 2883 3510 Amplius
2931 3466 2951 3487 .
3006 3409 3246 3511 Operi
3299 3437 3344 3489 a
3394 3410 3686 3491 summo
3731 3407 3861 3491 bo·

2303 3540 2405 3591 no
2435 3532 2442 3539 ·
2471 3511 2752 3591 artifice
2819 3508 3013 3591 faflo
3081 3532 3232 3591 non
3298 3510 3555 3592 debuit
3621 3511 3856 3591 deefle

2306 3614 2588 3691 summa
2642 3610 3026 3713 perfeRio.
3081 3615 3222 3694 Sed
3240 3614 3522 3693 bonum
3570 3610 3853 3695 ordinis

2303 3716 2754 3795 diversorum
2805 3714 2905 3794 est
2957 3715 3225 3795 melius
3292 3713 3626 3817 quolibet
3692 3711 3856 3795 iuo-

2304 3842 2468 3897 rum
2519 3819 3020 3898 ordinatorum
3077 3841 3207 3917 per
3242 3816 3314 3896 se
3364 3814 3521 3895 sum
3577 3836 3692 3897 to:
3742 3814 3851 3897 est

2292 3921 2494 3999 enim
2548 3917 2854 3998 formale
2904 3915 3236 4016 respestu
3322 3916 3525 4019 fingu
3641 3917 3845 4014 ium,

2292 4021 2471 4100 ficut
2542 4016 2897 4120 perfectio
2972 4021 3198 4100 totius
3283 4016 3612 4118 respectu
3688 4042 3849 4119 par-·

2284 4125 2475 4201 tium
2528 4168 2546 4199 .-
2607 4124 2790 4202 Non
2839 4122 3095 4202 debuit
3145 4146 3322 4221 ergo
3391 4120 3673 4199 bonum
3728 4145 3842 4201 or·

2284 4225 2475 4303 dinis
2526 4226 2730 4323 operi
2792 4226 2933 4303 Dei
2989 4225 3219 4303 deess‘e
3273 4279 3291 4300 .
3350 4225 3516 4302 Hoc
3578 4238 3845 4305 autem

2283 4329 2565 4405 bonum
2617 4324 2756 4404 effe
2810 4353 2961 4406 non
3014 4327 3283 4426 posset,
3335 4323 3387 4403 fi
3441 4321 3839 4418 diversitas,

2285 4429 2359 4505 8<
2414 4428 2860 4529 inaequalitas
2910 4446 3408 4507 creaturarum
3461 4450 3612 4505 non
3667 4422 3834 4502 suis·

2282 4529 2418 4608 set.
2477 4531 2602 4610 Est
2655 4530 2882 4630 igitur
2932 4528 3340 4626 diverfitas,
3392 4528 3466 4607 8<
3518 4528 3839 4626 inaequa-

2280 4631 2446 4710 litas
2519 4633 2598 4710 in
2672 4632 2882 4712 rebus
2947 4631 3205 4711 creatis
3273 4657 3426 4711 non
3497 4655 3540 4706 a
3623 4627 3835 4721 casu,

618 4738 702 4807 ut
751 4725 990 4824 plures
1041 4723 1308 4804 faceret
1357 4742 1851 4804 creaturarum
1866 4728 2165 4828 gradus.
2271 4760 2424 4812 non
2467 4752 2791 4833 propter
2870 4734 3194 4819 materia:
3290 4729 3835 4823 diversitatem,

727 4849 793 4921 ς.
850 4827 1113 4913 Adhuc
1142 4886 1160 4906 .
1216 4827 1515 4908 Bonitas
1568 4827 1831 4927 speciei
1884 4830 2197 4917 excedit.
2270 4860 2424 4917 non
2476 4855 2768 4937 propter
2841 4837 3344 4923 interventum
3421 4833 3834 4945 aliquarum

718 4924 1705 5012 S.Th.Contr.Gent.Tom.I.

3090 4945 3158 5020 A
3216 4965 3269 5021 a
3671 4956 3842 5011 cau-1
