4597 5696
1291 397 1878 470 e’oN‘rRA
1960 387 2710 473 otuu-rens
2796 406 3042 474 ιιι.
3123 411 3179 473 1.
3755 441 3838 485 ,ι

750 525 1195 606 6.Praeterea
1220 580 1237 602 .
1265 524 1588 607 Habitus
1638 521 1968 622 quaedam
2020 546 2191 622 qua-

641 622 812 704 litas
864 627 998 706 est.
1055 633 1224 708 Deo
1272 644 1519 706 autem
1573 646 1725 704 non
1779 623 2011 721 potest
2060 645 2199 701 nec

641 726 957 813 qualitas
993 782 1020 813 ..
1091 754 1227 809 nec
1279 727 1575 813 aliquod
1624 722 1960 801 accidens
2003 725 2191 804 acci-

641 2719 798 2810 L
853 2730 1048 2826 quod
1099 2729 1347 2808 divina
1398 2728 1880 2810 consideratio
1912 2751 2060 2811 non
2094 2732 2200 2810 est

652 2825 1214 2926 ratiocinativa,
1269 2830 1389 2908 vel
1441 2829 1834 2909 discursiva
1868 2886 1889 2909 .

2300 541 2487 606 teret
2553 523 3023 605 consideratis
3085 522 3472 626 ‘principiis
3541 524 3632 600 ad
3684 549 3860 603 cou-
3941 535 3944 539 ’

2301 628 2712 706 elusionem
2764 625 3199 727 procedere,
3249 629 3310 705 si
3365 652 3454 704 ex
3507 627 3647 703 hoc
3702 623 3862 723 ipso

2292 731 2492 828 quod
2516 727 2873 828 principia
2891 728 3546 821 considerarentur,
3568 728 3864 805 conclu·

2296 830 2537 908 siones
2559 830 2785 907 etiam
2801 830 3462 908 considerarentur.
3507 833 3706 907 Deus
3737 851 3864 902 au-

2297 948 2453 1009 tem
2503 931 2881 1028 cognoscit
2932 932 3186 1009 omnia
3217 930 3643 1030 operatione
3682 951 3858 1022 una,

2296 1055 2455 1131 qua:
2507 1029 2608 1108 est
2663 1032 2783 1110 sua
2835 1032 3181 1128 essentia,
3230 1051 3315 1110 ut
3368 1032 3575 1130 supra
3627 1030 3848 1128 (cap.

2292 1132 2392 1212 lv.
2447 1131 2478 1229 )
2540 1134 2933 1232 probatum
2999 1131 3101 1211 est
3138 1191 3159 1211 .
3240 1135 3426 1211 Non
3475 1132 3578 1210 est
3631 1131 3861 1229 igitur

2295 1234 2420 1312 sua
2465 1234 2804 1332 cognitio
2851 1231 3367 1315 ratiocinativa
3390 1290 3410 1311 .
3738 1329 3757 1347 ο

2404 1362 2468 1434 3.
2506 1338 2856 1413 Praeterea
2892 1389 2912 1410 .
2989 1337 3263 1414 Omnis
3338 1332 3861 1413 ratiocinatum

2294 1435 2627 1534 cognitio
2676 1434 2901 1514 habet
2947 1435 3227 1537 aliquid
3260 1436 3349 1514 dc
3389 1433 3858 1537 potentia‚&

2296 1536 2576 1635 aliquid
2650 1538 2740 1614 de
2793 1533 2961 1616 achi
3003 1588 3031 1632 ,
3104 1562 3278 1615 nam
3344 1535 3858 1648 conclusiones

2295 1636 2376 1713 in
2425 1636 2807 1737 principiis
2858 1637 3024 1717 sunt
3074 1637 3155 1715 in
3206 1638 3569 1736 potentia.
3626 1639 3716 1713 In
3747 1635 3862 1712 dr-

2295 1737 2481 1814 vino
2546 1754 2803 1817 ‚autem
2873 1735 3250 1817 intellestu
3319 1735 3646 1837 potentia
3696 1747 3858 1811 noir

2294 1831 2518 1914 habet
2567 1838 2816 1915 locum
2853 1892 2880 1932 ,
2929 1852 3013 1915 ut
3066 1838 3273 1936 supra
3325 1837 3353 1933 (
3405 1862 3558 1936 cap.
3596 1856 3767 1947 3⁰7¹:
3822 1833 3855 1930 )

2307 1935 2670 2014 ostensum
2722 1936 2857 2013 est.
2912 1938 3098 2016 Non
3148 1937 3249 2016 est
3301 1937 3527 2038 igitur
3559 1958 3714 2033 ejus
3742 1956 3855 2012 in-

2307 2034 2636 2115 tellestus
2687 2036 3175 2117 discursivut.
3803 2133 3822 2150 ·

2399 2162 2472 2231 4
2532 2134 2924 2234 Amplius·
2995 2140 3084 2216 In
3133 2137 3342 2216 omni
3396 2136 3699 2215 scientia
3743 2133 3858 2212 di-

2296 2233 2612 2314 scursiva
2661 2250 2951 2335 oportet
2987 2237 3264 2336 aliquid
3288 2241 3426 2317 effe
3455 2235 3858 2329 causatum,

2296 2358 2477 2413 nam
2529 2331 3075 2436 principia'sunt
3099 2338 3648 2436 quodammodo
3681 2359 3856 2414 cau·

2288 2432 2376 2512 -sa
2424 2434 2751 2515 efficiens
2800 2436 3325 2518 conclusionis:
3382 2442 3576 2519 unde
3625 2437 3698 2515 8<
3734 2437 3859 2514 de·

2297 2533 2732 2616 monstratio
2780 2524 3046 2618 dscitur
3099 2538 3557 2641 syllogismus
3579 2533 3854 2649 faciens

2301 2635 2513 2713 scire.
2568 2641 2656 2715 In
2708 2637 2958 2715 divina
3008 2654 3256 2719 autem
3311 2640 3611 2720 scientia
3658 2632 3855 2748 nihil

2298 2736 2670 2814 causatum
2722 2735 2950 2836 potest
2999 2739 3140 2815 esse
3175 2793 3204 2835 ,
3269 2766 3444 2819 curn
3495 2738 3646 2840 ipsa
3702 2738 3853 2851 Det

2298 2833 2597 2916 scientia
2646 2834 2743 2916 sit
2793 2836 2945 2938 ipse
2996 2840 3339 2937 Deus,ut
3392 2867 3485 2924 ex
3535 2843 3855 2939 superlo-

761 2952 819 3001 1.
873 2932 1092 3007 Tunc
1144 2931 1346 3008 enim
1384 2931 1896 3010 ratiocinativa
1924 2932 2028 3012 est
2061 2951 2184 3013 no·
2289 2936 2488 3035 ribus
2541 2936 2568 3033 (
2619 2962 2771 3035 cap.
2824 2938 2970 3017 xlv.
3026 2939 3054 3035 )
3104 2959 3304 3042 patet
3333 2999 3351 3018 .
3424 2945 3569 3025 Dei
3621 2937 3853 3037 igitur

648 3021 789 3100 stra
840 3029 1677 3130 consideratio,quando
1726 3034 1818 3109 ab
1840 3054 1989 3112 uno
2019 3051 2187 3113 con·
2289 3033 2588 3115 scientia
2639 3063 2791 3117 non
2841 3038 3071 3139 potest
3123 3045 3261 3120 effe
3312 3043 3744 3123 discursiva.

645 3122 964 3204 siderato
1016 3129 1095 3204 in
1144 3131 1340 3207 aliud
1378 3132 2023 3226 transimus,sicut
2057 3135 2193 3225 svl-

649 3222 1051 3322 logizando
1120 3254 1163 3304 a
1216 3231 1601 3327 Principiis
1672 3234 1751 3308 in
1804 3225 2196 3313 conclusio·

649 3347 821 3401 nes:
878 3351 1031 3405 non
1083 3329 1287 3405 enim
1340 3354 1428 3405 ex
1481 3330 1618 3411 hoc
1672 3331 1937 3429 aliquis
1989 3334 2201 3410 ratio-

631 3422 982 3521 cinatur,
1032 3428 1152 3505 vel
1204 3427 1594 3523 discurrit,
1666 3433 1862 3528 quod
1913 3432 2205 3530 inspicit

646 3524 961 3621 qualiter
1009 3526 1380 3607 conclusio
1432 3551 1521 3605 ex
1557 3530 1923 3626 proemiffis
1958 3531 2198 3630 sequa·

646 3637 814 3720 tur,
835 3624 1044 3703 fimul
1098 3645 1489 3728 utrumque
1542 3628 2030 3707 considerans:
2061 3634 2199 3712 hoc

646 3724 856 3801 enim
924 3728 1291 3827 contingit
1357 3754 1510 3807 non
1561 3733 2141 3827 argumentando
2173 3786 2200 3829 ,

648 3822 772 3902 sed
841 3845 1267 3924 argumenta
1319 3827 1764 3928 judicand03
1834 3829 2011 3910 ficut
2063 3857 2199 3912 nec

645 3924 980 4021 cognitio
1028 3929 1427 4008 materialis
1496 3928 1595 4008 est
1677 3954 1766 4007 ex
1819 3930 1958 4010 hoc
2009 3934 2206 4031 quod

650 4025 1068 4102 materialia
1136 4026 1482 4127 dijudicat
1536 4085 1554 4105 .
1641 4030 2028 4110 Ostensum
2106 4033 2206 4111 est

647 4139 900 4201 autem
949 4124 1152 4226 (cap.
1180 4125 1333 4224 lv.)
1383 4130 1578 4226 quod
1619 4133 1815 4208 Deus
1851 4156 2001 4209 non
2034 4158 2203 4211 con·

639 4219 905 4316 fiderat
954 4249 1185 4301 unum
1238 4225 1392 4325 post
1444 4227 1641 4308 aliud
1693 4230 1889 4329 quasi
1946 4231 2206 4312 succes·

645 4317 799 4397 five
839 4373 869 4412 ,
936 4321 1054 4400 sed
1123 4324 1340 4404 simul
1394 4329 1647 4406 omnia
1677 4386 1696 4404 .
1773 4333 1956 4408 Non
2025 4357 2208 4434 ergo

641 4441 741 4515 co
794 4419 982 4497 nitio
1049 4420 1200 4518 ejus
1271 4424 1367 4502 est
1438 4428 1949 4510 ratiocinativa
1984 4486 2010 4528 ‚
2080 4434 2204 4513 vel

646 4518 726 4595 di
763 4518 1047 4596 cursiva
1079 4573 1106 4614 ,
1158 4526 1491 4621 quamvis
1542 4530 1891 4607 omnium
1918 4532 2195 4613 discur-

647 4613 858 4714 sum,
906 4618 981 4698 8<
1031 4621 2140 4728 ratiocinationem‘cognoscat‘.
2208 4640 2218 4649 ’

661 4750 668 4756 ·
752 4745 823 4795 2.
881 4721 1074 4796 Item
1106 4776 1126 4797 .
1203 4723 1477 4802 Omnis
1549 4730 1989 4810 ratiocinans
2060 4735 2209 4816 alia

643 4816 1226 4900 consideratione
1276 4823 1598 4906 intuetur
1647 4830 2007 4932 principia
2049 4889 2077 4931 ,
2122 4839 2198 4916 8<

642 4916 794 5024 alia
843 4919 1445 5016 conclusionem:
1514 4952 1669 5020 nou
1717 4930 1923 5022 enim
1990 4960 2201 5040 ομιτς

2411 3160 2471 3232 ς.
2530 3138 2826 3217 Adhuc.
2885 3142 2995 3216 Ea
3044 3168 3203 3241 quae
3256 3144 3681 3222 naturaliter
3729 3164 3853 3219 co-

2297 3234 2738 3334 gnoscuntur
2758 3292 2785 3331 ,
2818 3239 3083 3338 absque
3135 3244 3692 3335 ratiocinatione
3720 3264 3850 3318 no·

2306 3335 2418 3413 bis
2474 3338 2635 3415 sunt
2685 3354 2858 3416 nota
2896 3396 2938 3435 ,.
2972 3340 3160 3420 sicut
3210 3346 3299 3421 dc
3348 3344 3607 3446 primis
3659 3340 3854 3442 prin·

2308 3434 2520 3531 cipiis
2575 3450 2772 3533 patet
2806 3490 2826 3511 .
2878 3440 3018 3517 Sed
3070 3443 3149 3518 in
3205 3448 3370 3521 Deo
3422 3471 3573 3522 non
3624 3437 3858 3542 potest

2301 3535 2443 3610 ess'e
2529 3534 2860 3633 cognitio
2928 3538 3073 3618 nisi
3125 3546 3471 3621 naturalis
3511 3598 3539 3639 ,
3610 3544 3854 3621 immo

2297 3632 2448 3711 nisi
2500 3635 2932 3715 essentialis:
2970 3639 3088 3718 sua
3141 3644 3344 3722 enim
3398 3645 3697 3726 scientia
3749 3640 3853 3722 est

2300 3733 2424 3811 sua
2474 3735 2813 3833 essentia,
2862 3753 2946 3816 ut
2997 3741 3202 3841 supra
3253 3745 3456 3845 (cap.
3505 3747 3652 3825 xlv.
3697 3745 3725 3843 )
3776 3769 3856 3822 o-

2300 3833 2613 3915 stensum
2665 3837 2799 3915 est.
2857 3841 3002 3919 Dei
3054 3842 3280 3943 igitur
3329 3848 3665 3949 cognitio
3703 3868 3858 3929 non

2310 3937 2407 4015 est
2460 3937 2972 4017 ratiocinativa
3009 3998 3030 4020 .

2415 4043 2484 4115 6.
2517 4043 2864 4117 Praeterea
2897 4095 2917 4116 .
2993 4044 3328 4125 Omnem
3396 4047 3685 4128 motum
3736 4072 3861 4128 ne-

2307 4137 2489 4215 cesse
2542 4136 2642 4213 est
2696 4139 2940 4218 reduci
2996 4143 3076 4219 in
3128 4145 3450 4242 primum
3505 4171 3862 4248 movenS,

2306 4238 2505 4335 quod
2554 4236 2652 4314 est
2706 4263 3010 4319 movens
3080 4260 3409 4342 tantum,
3430 4247 3503 4325 8<
3531 4272 3861 4330 nonme·

2307 4353 2468 4417 tum
2516 4394 2536 4417 .
2619 4337 2807 4418 Illud
2878 4340 3104 4441 igitur
3172 4368 3215 4420 a
3268 4371 3420 4444 quo
3470 4346 3570 4425 est
3623 4350 3862 4449 prima

2305 4436 2520 4538 origo
2571 4456 2856 4536 motuS,
2887 4458 3172 4541 oportet
3198 4448 3509 4528 omnino
3536 4451 3680 4529 effe
3702 4474 3860 4529 mo-

2297 4562 2527 4635 vens,
2577 4541 2650 4618 8<
2702 4565 2854 4617 non
2903 4560 3192 4624 motum
3216 4603 3233 4623 .
3262 4550 3428 4630 Hoc
3478 4569 3734 4630 autem
3759 4549 3862 4631 est

2296 4637 2708 4720 intelleElus
2778 4641 3069 4724 divinus
3118 4700 3146 4743 ,
3211 4666 3296 4731 ut
3347 4650 3550 4751 supra
3621 4652 3647 4747 (
3703 4677 3862 4755 cap.

2309 4764 2525 4818 xxxr.
2578 4741 2608 4837 )
2657 4738 3016 4823 ostensum
3067 4747 3205 4827 est.
3262 4752 3580 4850 Oportet
3631 4751 3891 4853 igitur'

2300 4837 2758 4931 intellecium
2809 4844 3145 4927 divinum
3196 4849 3506 4932 omnino
3531 4853 3671 4929 esse
3704 4878 3866 4931 mo·

2297 4958 2602 5029 ventem
2622 4996 2652 5057 ,
2698 4971 2857 5035 non
2904 4968 3198 5040 motum
3240 5005 3264 5032 .
3345 4951 3698 5044 Ratiocin
3708 4953 3872 5135 atino

3721 5075 3767 5134 a
