4597 5696
1241 289 3198 408 coNTRaottsrrLEs·1.11.n.
3458 356 3487 393 .
3696 355 3819 420 ¹5?

592 449 901 548 veniat,
949 448 1073 532 vel
1145 449 1454 550 existat,
1523 453 1944 534 absolutam
2012 478 2138 539 ne-
2252 455 2453 537 riam
2502 449 2767 533 formae
2820 452 3040 550 super
3088 447 3535 548 materiam,
3574 472 3659 533 ut
3679 479 3801 553 pa·

589 555 996 637 cessitatem
1051 552 1280 634 habet
1322 611 1345 636 .
1416 554 1945 657 Diversimode
2015 583 2142 638 au·
2252 573 2362 641 tet
2416 557 2498 636 in
2571 555 3031 652 elementis,
3092 554 3171 633 8(
3257 554 3734 637 elementatis
3777 586 3812 652 :,

587 675 750 740 tem
802 683 895 737 ex
946 655 1262 737 diversis
1311 657 1577 742 causis
1620 657 2006 745 neceffitas
2055 657 2142 739 in
2243 660 2493 743 forma
2544 655 2771 736 enim.
2810 655 3166 737 elementi
3243 680 3405 735 non
3477 659 3800 758 attingit

585 754 833 840 rebus‘
859 756 1122 838 creatis
1173 755 1276 839 est
1308 814 1331 836 .
1423 761 1635 840 Nam
1721 760 1904 861 quia
1976 759 2143 841 sine
2242 758 2654 843 materiam
2702 756 3114 840 secundum
3166 773 3418 843 totum
3454 756 3611 861 ejus
3641 759 3823 861 possf

590 862 742 941 suis
794 857 1299 941 essentialibus
1331 859 1950 963 principiis2quae
1970 862 2139 944 sunt
2241 866 2362 960 se;
2407 888 2569 944 non
2616 859 2831 943 enim
2880 860 2972 941 fit
3047 860 3464 962 susceptiva
3533 860 3801 943 formae

592 961 958 1057 materia,
1007 961 1080 1042 8(
1133 958 1424 1059 forma,
1476 988 1589 1043 res
1643 964 1784 1046 else
1835 989 1991 1043 non
2012 989 2139 1064 po-
2239 962 2609 1049 elementi
2665 961 2941 1062 unius,
2990 960 3127 1043 nili
3181 987 3317 1064 per
3369 963 3517 1045 hoc
3586 962 3804 1066 quod

596 1065 730 1146 test
782 1070 817 1161 (
863 1063 1065 1161 quod
1118 1087 1206 1140 ex
1261 1065 1547 1158 ratione
1584 1063 2140 1167 principiorum
2238 1067 2635 1154 subiicitur
2683 1064 2906 1145 alteri
2957 1064 3153 1167 parti
3215 1066 3799 1154 contrarietatis:

597 1163 1097 1246 essentialium
1151 1163 1257 1242 rei
1325 1165 1699 1271 competit
1751 1165 1780 1266 )
1853 1167 2139 1248 absolu·
2239 1168 2487 1249 forma
2539 1192 2724 1249 vero
2741 1164 2968 1247 mixti
3005 1165 3316 1268 attingit
3345 1167 3812 1267 materiam,

602 1283 764 1348 tarn
837 1266 1338 1347 neceffitatem
1415 1267 1499 1347 in
1586 1266 1943 1372 omnibus
2015 1294 2152 1351 nc«
2247 1270 2657 1366 secundum
2710 1268 2919 1372 quod
2966 1268 3392 1368 disponitur
3461 1294 3598 1369 per
3681 1270 3814 1351 dc-

604 1371 794 1450 ceffe
846 1367 946 1446 est
1000 1365 1327 1447 habere·
1668 1448 1672 1451 .
2249 1374 2744 1458 terminatum
2814 1370 3135 1450 modum
3207 1369 3658 1453 mixtionis..
3736 1376 3808 1463 17

713 1473 832 1549 Ex
883 1468 999 1548 his
1052 1473 1309 1549 autem'
1379 1469 1773 1573 principiis
1805 1526 1836 1569 ‚
1899 1471 2154 1555 secun·
2252 1476 2426 1556 dem
2478 1488 2739 1556 autem
2785 1469 3199 1571 rubianum
3266 1488 3570 1571 oportet
3654 1472 3809 1554 esse

610 1572 794 1651 dum
847 1572 1047 1671 quod
1069 1571 1236 1651 sunt
1255 1572 1523 1650 essendi
1572 1572 1944 1675 principia
1964 1628 1992 1672 ,
2026 1574 2155 1655 tri·
2255 1579 2805 1660 contrariorum
2823 1628 2860 1671 2
2884 1573 2958 1652 8(
2978 1573 3408 1656 mediorum
3419 1572 3808 1672 omnium,

610 1674 909 1795 pliciter
975 1672 1292 1753 sumitur
1354 1674 1738 1758 neceffitas
1820 1673 2157 1759 absoluta
2255 1705 2423 1779 quae
2473 1679 2643 1759 sunt
2692 1701 2787 1756 ex
2836 1673 3396 1757 commixtione
3437 1692 3809 1760 extremo-

610 1802 709 1857 m·
748 1774 965 1853 rebus
989 1830 1021 1878 .-
2256 1805 2432 1861 rum
2460 1835 2486 1860 .
2556 1777 2783 1862 Unde
2844 1773 3332 1857 manifestum
3416 1773 3528 1858 est
3596 1776 3808 1877 quod

713 1879 899 1957 Uno
948 1874 1255 1977 quidem
1307 1875 1537 1969 modo
1605 1901 1737 1979 per
1813 1876 2163 1960 ordinem
2258 1880 2520 1961 omnia
2570 1904 2735 1980 quae
2787 1878 2913 1958 vel
3483 1877 3807 1976 habent,

566 1978 705 2060 -ad
758 1980 898 2057 esse
950 1977 1106 2075 ejus
1158 1976 1372 2077 cujus
1421 1979 1637 2058 sunt:
1674 1980 1758 2060 2&
1805 1980 1986 2080 quia
2004 2006 2158 2060 ma·
2261 1984 2384 2062 vel
2437 2006 2528 2062 ex
2580 1978 2976 2062 contrariis
3018 2014 3234 2077 runt,
3268 1979 3812 2080 corruptibilia

570 2080 842 2175 ·teria,
891 2078 1294 2158 secundum
1349 2079 1425 2159 id
1476 2080 1683 2183 qnod
1731 2081 2000 2177 est,est
2021 2108 2162 2163 ens
2252 2078 3817 2185 sunt5quaeautemhu'1usmodinonsunt,

614 2181 697 2261 in
755 2180 1142 2279 potentia3
1193 2184 1395 2279 quod
1448 2198 1704 2261 autem
1760 2182 1996 2280 potest
2057 2183 2154 2261 es·
2255 2181 2707 2280 sempiterna
2757 2182 2983 2276 furit,
3054 2178 3195 2261 nili
3261 2206 3392 2290 per
3457 2180 3814 2271 accidens

610 2282 733 2377 se,
787 2280 1024 2381 potest
1075 2282 1308 2362 etiam
1360 2283 1433 2360 8(
1486 2308 1640 2363 non
1686 2285 2008 2378 effe3ex
2034 2289 2157 2362 αι’-ἑ
2247 2284 2342 2368 co
2592 2301 2851 2380 antur,
2881 2279 3085 2362 licut
3133 2278 3395 2364 form‘ae‘
3440 2306 3601 2384 quae
3653 2308 3812 2363 non

605 2382 788 2462 'dine
842 2381 1168 2466 materiae
1221 2382 1618 2464 necessario
1689 2409 1802 2464 res
1874 2382 2144 2482 aliquae
2248 2382 2821 2482 fubs1stm1t‚sed
2866 2386 3004 2464 effe
3054 2408 3307 2466 earum
3358 2383 3458 2465 est
3506 2409 3640 2488 per
3660 2388 3815 2470 hoc

610 2484 1142 2585 corruptibiles
1195 2483 1562 2580 existunt,
1612 2483 1797 2563 ficut
1847 2486 2156 2583 animal,
2257 2488 2455 2591 quod
2508 2486 2753 2566 insunt
2802 2483 3170 2587 materiae.
3225 2557 3254 2584 „
3332 2546 3334 2549 Α
3759 2584 3767 2590 .

610 2585 813 2687 quod
867 2611 963 2663 ex
1014 2585 1410 2667 contrariis
1464 2585 1963 2688 compositum
2010 2584 2156 2681 est,
2337 2588 2545 2669 'Alio
2594 2588 2820 2667 modo
2869 2611 2962 2668 ex
3031 2583 3419 2687 principiis
3484 2584 3824 2770 Ἢ

668 2688 795 2766 uia
848 2686 1005 2784 ejus
1057 2686 1372 2766 materia
1422 2687 1971 2767 contrariorum
2055 2686 2158 2768 est
2257 2680 2454 2768 libus
2500 2686 2599 2765 est
2651 2687 2733 2769 in
2773 2689 3001 2767 rebus
3044 2684 3377 2768 absoluta
3437 2687 3697 2786 necessi

643 2786 1064 2886 usceptiv‘a.
1120 2790 1399 2879 Forma
1451 2802 1707 2881 autem
1753 2786 2156 2899 secundum
2353 2812 2389 2866 r
2437 2787 2794 2892 ordinem.
2821 2787 2911 2868 ad
2964 2802 3206 2889 partes
3251 2788 3575 2874 materia
3612 2844 3647 2889 2
3688 2787 3821 2874 vel

610 2882 697 2968 id
747 2888 952 2988 quod
1004 2887 1103 2966 est
1156 2885 1404 2983 actus,
1454 2885 1604 2983 est,
1649 2889 1747 2967 &⁴
1779 2913 1910 2990 per
1987 2913 2156 2971 eam
2288 2913 2589 2987 ormae„
2635 2886 2691 2970 fi
2738 2887 3117 2992 contingit
3156 2886 3576 2990 hujusmodi
3602 2892 3827 2996 „prin-

615 3013 734 3094 res
786 2984 956 3067 ablu
1008 2987 1362 3070 existunt:
1417 2988 1617 3075 unde
1666 3015 1759 3072 ex
1817 2990 1836 3006 ⁸
1896 2990 1963 3073 sa
1993 3016 2161 3099 pro-
2253 2991 2454 3095 cipia
2484 2993 2584 3098 'in
2632 2980 3008 3096 aliquibus
3047 3019 3204 3074 non
3250 2989 3616 3097 simplicia,
3647 2995 3826 3093 effez

625 3088 838 3170 venit
890 3090 1266 3170 neceffitas
1318 3090 1411 3170 ad
1435 3091 1573 3171 effe
1593 3093 1741 3195 inq
1796 3093 1820 3174 i
1880 3093 2159 3174 usdam.
2242 3096 2438 3197 quia
2481 3095 2700 3179 'enim
2746 3095 3055 3189 materia
3119 3096 3416 3198 propria
3481 3094 3819 3182 hominis

621 3189 853 3294 Quod
906 3191 1339 3292 contingit,
1389 3193 1512 3272 vel
1591 3194 1773 3294 quia
1843 3223 1956 3281 res
2009 3195 2162 3278 inae
2261 3197 2364 3280 est
2411 3223 2677 3300 corpus
2740 3195 3238 3295 commixtum
3270 3251 3301 3295 ,
3364 3197 3440 3278 8(
3486 3199 3816 3300 comple-

512 3360 536 3386 ,
617 3293 793 3374 funt
844 3290 1102 3373 formae
1155 3318 1308 3373 non
1337 3294 1440 3379 ,in
1492 3297 1854 3393 materia,
1920 3296 1997 3377 ἃ
2067 3297 2165 3376 sic
2265 3299 2650 3378 xionatum
2682 3351 2711 3392 ,
2759 3297 2834 3376 8(
2884 3299 3403 3399 organizatum
3431 3300 3819 3394 ,zneceffa-

622 3419 784 3474 non
838 3391 938 3472 est
991 3393 1073 3471 in
1126 3392 1235 3474 eis
1313 3395 1654 3493 potentia
1721 3397 1815 3476 ad
1864 3421 2020 3475 non
2070 3398 2166 3477 es·

620 3494 743 3591 se,
792 3493 912 3573 sed
965 3518 1097 3594 per
1179 3494 1386 3577 suam
1475 3493 1799 3579 formam
1847 3497 2172 3599 -semper

624 3596 798 3677 sunt
849 3594 933 3674 in
986 3595 1266 3676 virt'ute
1320 3597 1649 3696 essendi,
1698 3597 1880 3689 ficut
1933 3597 2033 3679 est
2085 3599 2169 3693 in

622 3695 1051 3779 substantiis
1115 3698 1503 3798 separatis:
1578 3699 1704 3780 vel
1779 3700 1959 3802 quia
2026 3700 2166 3780 for-

620 3823 765 3880 mae
818 3822 1070 3880 rerum
1121 3802 1248 3880 sua
1299 3797 1755 3903 perfectione
1778 3801 2165 3903 adaequant

624 3915 866 3988 totam
953 3902 1375 4000 potentiam
1443 3903 1775 3983 materiae
1818 3958 1847 3999 ,
1915 3924 2000 3983 ut
2073 3902 2172 3984 lic

616 4026 783 4086 ,non
839 4019 1220 4083 remaneat
1271 4002 1610 4103 potentia
1645 4004 1741 4082 ad
1768 4003 1999 4086 aliam
2028 4004 2168 4084 sor-

622 4127 876 4201 mam,
928 4127 1067 4182 nec
1121 4127 1251 4202 per
1331 4102 1790 4204 consequeris
1864 4105 1955 4187 ad
2010 4133 2166 4194 non

626 4203 771 4286 effe
806 4255 834 4299 ,
885 4202 1091 4283 ficut'
1123 4202 1220 4282 est
1275 4202 1354 4281 in
1405 4229 1533 4283 cor
1587 4207 1841 4288 oribus
1874 4208 2163 4287 caelesti·

491 4323 508 4336 “
623 4302 813 4381 bus.
869 4306 960 4382 ln
1008 4304 1279 4404 quibus
1315 4330 1494 4384 vero
1549 4331 1761 4386 orma
1787 4334 1943 4389 non
1969 4335 2168 4389 com·

618 4402 809 4505 plet⁴
837 4417 1075 4483 totam
1129 4407 1457 4486 materiae
1513 4409 1933 4508 potentiam
1982 4465 2009 4507 ,
2063 4438 2165 4492 re·

625 4508 886 4583 manet
942 4505 1188 4599 adhuc
1241 4508 1554 4588 materia
1604 4507 2047 4610 inpotentia
2077 4513 2170 4592 ad

627 4603 861 4686 aliam
918 4601 1286 4701 formam,
1334 4610 1408 4687 8(
1459 4609 1628 4689 ideo
1699 4637 1854 4690 non
1913 4612 2031 4691 'cst
2084 4613 2169 4694 in

609 4703 741 4785 ‘cis
795 4707 1172 4788 necessitas
1224 4709 1543 4806 effendi;
1592 4709 1713 4790 sed
1763 4711 2004 4793 virtus
2073 4715 2173 4794 es·

629 4799 834 4890 rendi
887 4809 996 4910 (a)
1045 4812 1525 4913 consequitur
1600 4810 1685 4894 in
1750 4810 1859 4895 eis
1937 4811 2171 4897 viflo-

2264 3398 2465 3478 rIum
2513 3396 2613 3477 est
2678 3397 3000 3477 absolute
3069 3398 3458 3478 hominem
3530 3399 3820 3502 quodli-

2270 3499 2396 3584 bet
2445 3498 2993 3614 elementorum·
3012 3551 3044 3593 ,
3090 3499 3166 3578 8(
3218 3498 3619 3617 hammum
3659 3555 3690 3598 ,
3736 3498 3846 3580 δε

2267 3599 3821 3785 ἓέἕὸἓῖηιωῖῑεέἯῖἒὲῗηὴέῗηῗηξηὟῗξῑ

2265 3803 2597 3900 tionale,
2646 3804 2727 3884 &
2769 3804 3139 3901 mortale,
3188 3804 3264 3885 8(
3312 3804 3465 3886 haec
3541 3805 3641 3886 est
3689 3832 3817 3895 na·

2272 3923 2436 3986 tura
2457 3961 2482 4002 ,
2535 3906 2652 3986 vel
2677 3904 2920 3986 forma
2948 3905 3314 4007 hominis;
3340 3907 3815 3989 necessarium

2222 4005 2370 4103 ¹„cst
2420 4008 2699 4109 ipsum,
2750 4001 2851 4106 (b)
2901 4009 3181 4089 animal
3230 4009 3584 4089 rationale
3636 4011 3814 4088 effe.

2370 4111 2639 4188 Tertio
2665 4113 2867 4188 ‘vero
2913 4110 3016 4190 est
3066 4111 3148 4193 in
3198 4114 3415 4191 rebus
3444 4109 3819 4193 necessitas

2859 4213 3193 4293 ordinem
3281 4212 3819 4315 principiorum

2269 4350 2753 4425 enenuanum
2843 4316 2936 4394 ad
3030 4313 3509 4417 proprietates
3571 4315 3818 4397 conso·

2266 4431 2572 4514 quentes
2595 4463 2601 4474 -
2621 4417 3008 4499 materiam
3029 4472 3056 4514 ,
3105 4418 3181 4498 8(
3230 4414 3587 4512 formam-3
3639 4415 3820 4499 licut

2269 4518 2544 4597 necesse
2745 4519 3051 4618 serraen,
3077 4519 3254 4622 quia
3303 4545 3396 4600 ex
3447 4517 3641 4600 ferro
3687 4518 3818 4616 est,

2268 4617 2526 4698 duram
2577 4645 2617 4697 e
2815 4618 2956 4724 &J
2969 4624 3352 4715 hominem
3419 4620 3819 4724 disciplina

2272 4721 2842 4837 perceptibilem>
2904 4727 3039 4828 esse
3074 4784 3095 4804 .
3175 4725 3574 4806 Neceffitas
3637 4748 3822 4806 vero

2269 4839 2556 4923 agentis
2602 4823 3082 4912 consideratur
3145 4830 3221 4910 8(
3290 4843 3647 4929 quantum
3722 4828 3819 4905 ad

3571 4926 3819 5056 ipsum

690 5073 790 5140 Gt)
823 5077 915 5130 As.
948 5089 1056 5134 non
1092 5073 1364 5148 sequitur.

2381 5089 2476 5158 (b)
2511 5093 2601 5146 ΑΙ.
2637 5096 2688 5154 k
2720 5097 2933 5153 anim-l.
