<?xml version="1.0" encoding="UTF-8"?>
<!DOCTYPE html PUBLIC "-//W3C//DTD XHTML 1.0 Transitional//EN"
    "http://www.w3.org/TR/xhtml1/DTD/xhtml1-transitional.dtd">
<html xmlns="http://www.w3.org/1999/xhtml" xml:lang="en" lang="en">
 <head>
  <title>
</title>
<meta http-equiv="Content-Type" content="text/html;charset=utf-8" />
  <meta name='ocr-system' content='tesseract 3.04.00' />
  <meta name='ocr-capabilities' content='ocr_page ocr_carea ocr_par ocr_line ocrx_word'/>
</head>
<body>
  <div class='ocr_page' id='page_1' title='image "./summacontragent00aqugoog_0057.png"; bbox 0 0 4597 5696; ppageno 0'>
   <div class='ocr_carea' id='block_1_1' title="bbox 1306 390 3193 479">
    <p class='ocr_par' dir='ltr' id='par_1_1' title="bbox 1306 390 3193 479">
     <span class='ocr_line' id='line_1_1' title="bbox 1306 390 3193 479; baseline -0.009 -1"><span class='ocrx_word' id='word_1_1' title='bbox 1306 409 1889 479; x_wconf 79' lang='lat' dir='ltr'>CONTRA</span> <span class='ocrx_word' id='word_1_2' title='bbox 1975 398 2716 471; x_wconf 77' lang='lat' dir='ltr'>GENTILES</span> <span class='ocrx_word' id='word_1_3' title='bbox 2801 393 3052 463; x_wconf 79' lang='lat' dir='ltr'><strong>LIB.</strong></span> <span class='ocrx_word' id='word_1_4' title='bbox 3132 390 3193 461; x_wconf 72' lang='grc' dir='ltr'>ἰ.</span> 
     </span>
    </p>
   </div>
   <div class='ocr_carea' id='block_1_2' title="bbox 663 517 2250 5107">
    <p class='ocr_par' dir='ltr' id='par_1_2' title="bbox 663 517 2217 2123">
     <span class='ocr_line' id='line_1_2' title="bbox 769 517 2213 621; baseline -0.008 -20"><span class='ocrx_word' id='word_1_5' title='bbox 769 524 971 601; x_wconf 77' lang='lat' dir='ltr'>Item·</span> <span class='ocrx_word' id='word_1_6' title='bbox 1012 574 1032 596; x_wconf 89' lang='lat'><strong>.</strong></span> <span class='ocrx_word' id='word_1_7' title='bbox 1083 517 1114 617; x_wconf 94' lang='lat'>(</span> <span class='ocrx_word' id='word_1_8' title='bbox 1165 522 1384 598; x_wconf 91' lang='lat' dir='ltr'><strong>VIII.</strong></span> <span class='ocrx_word' id='word_1_9' title='bbox 1436 518 1720 621; x_wconf 81' lang='lat' dir='ltr'>Physic.</span> <span class='ocrx_word' id='word_1_10' title='bbox 1772 528 1945 595; x_wconf 84' lang='lat' dir='ltr'><strong>text.</strong></span> <span class='ocrx_word' id='word_1_11' title='bbox 2013 537 2213 592; x_wconf 84' lang='lat' dir='ltr'>com·</span> 
     </span>
     <span class='ocr_line' id='line_1_3' title="bbox 671 615 2214 718; baseline -0.008 -17"><span class='ocrx_word' id='word_1_12' title='bbox 671 639 902 701; x_wconf 76' lang='lat' dir='ltr'>ment.</span> <span class='ocrx_word' id='word_1_13' title='bbox 953 646 1190 702; x_wconf 74' lang='lat' dir='ltr'>xxxw</span> <span class='ocrx_word' id='word_1_14' title='bbox 1213 645 1269 695; x_wconf 88' lang='lat'>1.</span> <span class='ocrx_word' id='word_1_15' title='bbox 1325 620 1352 718; x_wconf 96' lang='lat'>)</span> <span class='ocrx_word' id='word_1_16' title='bbox 1403 620 1481 700; x_wconf 88' lang='lat' dir='ltr'>Si</span> <span class='ocrx_word' id='word_1_17' title='bbox 1534 620 1785 718; x_wconf 81' lang='lat' dir='ltr'>aliqua·</span> <span class='ocrx_word' id='word_1_18' title='bbox 1853 619 1999 695; x_wconf 92' lang='lat' dir='ltr'>duo</span> <span class='ocrx_word' id='word_1_19' title='bbox 2051 615 2214 691; x_wconf 90' lang='lat' dir='ltr'>sunt</span> 
     </span>
     <span class='ocr_line' id='line_1_4' title="bbox 663 714 2208 823; baseline -0.007 -20"><span class='ocrx_word' id='word_1_20' title='bbox 663 721 914 823; x_wconf 82' lang='lat' dir='ltr'>juncta</span> <span class='ocrx_word' id='word_1_21' title='bbox 1031 746 1107 798; x_wconf 92' lang='lat' dir='ltr'>er</span> <span class='ocrx_word' id='word_1_22' title='bbox 1175 722 1504 799; x_wconf 81' lang='lat' dir='ltr'>accidens</span> <span class='ocrx_word' id='word_1_23' title='bbox 1584 721 1661 798; x_wconf 90' lang='lat' dir='ltr'>in</span> <span class='ocrx_word' id='word_1_24' title='bbox 1734 718 1983 818; x_wconf 90' lang='lat' dir='ltr'>aliquo</span> <span class='ocrx_word' id='word_1_25' title='bbox 2033 768 2062 811; x_wconf 84' lang='lat'>‚</span> <span class='ocrx_word' id='word_1_26' title='bbox 2131 714 2208 792; x_wconf 87' lang='grc'><strong>8(</strong></span> 
     </span>
     <span class='ocr_line' id='line_1_5' title="bbox 663 817 2210 908; baseline -0.006 -6"><span class='ocrx_word' id='word_1_27' title='bbox 663 847 895 903; x_wconf 87' lang='lat' dir='ltr'>unum</span> <span class='ocrx_word' id='word_1_28' title='bbox 952 821 970 838; x_wconf 75' lang='lat'><em>⁶</em></span> <span class='ocrx_word' id='word_1_29' title='bbox 1008 821 1245 899; x_wconf 88' lang='lat' dir='ltr'>lorum</span> <span class='ocrx_word' id='word_1_30' title='bbox 1298 821 1666 900; x_wconf 89' lang='lat' dir='ltr'>invenitur</span> <span class='ocrx_word' id='word_1_31' title='bbox 1713 819 1871 899; x_wconf 86' lang='lat' dir='ltr'>sine</span> <span class='ocrx_word' id='word_1_32' title='bbox 1921 817 2151 895; x_wconf 87' lang='lat' dir='ltr'>altero</span> <span class='ocrx_word' id='word_1_33' title='bbox 2180 867 2210 908; x_wconf 81' lang='lat'>‚</span> 
     </span>
     <span class='ocr_line' id='line_1_6' title="bbox 665 918 2212 1024; baseline -0.004 -25"><span class='ocrx_word' id='word_1_34' title='bbox 665 919 1046 1024; x_wconf 87' lang='lat' dir='ltr'>probabile</span> <span class='ocrx_word' id='word_1_35' title='bbox 1132 920 1231 998; x_wconf 90' lang='lat' dir='ltr'>est</span> <span class='ocrx_word' id='word_1_36' title='bbox 1296 923 1495 1022; x_wconf 91' lang='lat' dir='ltr'>quod</span> <span class='ocrx_word' id='word_1_37' title='bbox 1560 921 1875 1000; x_wconf 87' lang='lat' dir='ltr'>alte-rum</span> <span class='ocrx_word' id='word_1_38' title='bbox 1945 918 2212 1015; x_wconf 80' lang='lat' dir='ltr'>absque</span> 
     </span>
     <span class='ocr_line' id='line_1_7' title="bbox 665 1018 2211 1122; baseline -0.005 -20"><span class='ocrx_word' id='word_1_39' title='bbox 665 1023 805 1102; x_wconf 88' lang='lat' dir='ltr'>illo</span> <span class='ocrx_word' id='word_1_40' title='bbox 858 1020 1172 1099; x_wconf 90' lang='lat' dir='ltr'>inveniri</span> <span class='ocrx_word' id='word_1_41' title='bbox 1222 1022 1436 1122; x_wconf 83' lang='lat' dir='ltr'>possit</span> <span class='ocrx_word' id='word_1_42' title='bbox 1485 1049 1509 1119; x_wconf 72' lang='grc' dir='ltr'><strong>ς</strong></span> <span class='ocrx_word' id='word_1_43' title='bbox 1558 1024 1748 1102; x_wconf 87' lang='lat' dir='ltr'>sicut</span> <span class='ocrx_word' id='word_1_44' title='bbox 1795 1020 1859 1099; x_wconf 84' lang='lat' dir='ltr'>si</span> <span class='ocrx_word' id='word_1_45' title='bbox 1887 1018 2161 1096; x_wconf 71' lang='lat' dir='ltr'>album</span> <span class='ocrx_word' id='word_1_46' title='bbox 2183 1067 2211 1111; x_wconf 82' lang='lat'>‚</span> 
     </span>
     <span class='ocr_line' id='line_1_8' title="bbox 665 1121 2213 1213; baseline -0.005 -11"><span class='ocrx_word' id='word_1_47' title='bbox 665 1121 1156 1202; x_wconf 71' lang='lat' dir='ltr'>&amp;musicum</span> <span class='ocrx_word' id='word_1_48' title='bbox 1232 1124 1705 1204; x_wconf 87' lang='lat' dir='ltr'>inveniuntur</span> <span class='ocrx_word' id='word_1_49' title='bbox 1777 1122 1858 1200; x_wconf 89' lang='lat' dir='ltr'>in</span> <span class='ocrx_word' id='word_1_50' title='bbox 1928 1124 2134 1199; x_wconf 88' lang='lat' dir='ltr'>Sorte</span> <span class='ocrx_word' id='word_1_51' title='bbox 2184 1169 2213 1213; x_wconf 86' lang='lat'>‚</span> 
     </span>
     <span class='ocr_line' id='line_1_9' title="bbox 664 1219 2213 1322; baseline -0.005 -20"><span class='ocrx_word' id='word_1_52' title='bbox 664 1223 742 1302; x_wconf 90' lang='grc'><strong>8(</strong></span> <span class='ocrx_word' id='word_1_53' title='bbox 814 1222 1114 1300; x_wconf 90' lang='lat' dir='ltr'>Platone</span> <span class='ocrx_word' id='word_1_54' title='bbox 1161 1278 1190 1322; x_wconf 86' lang='lat'>‚</span> <span class='ocrx_word' id='word_1_55' title='bbox 1254 1225 1329 1302; x_wconf 90' lang='grc'><strong>8(</strong></span> <span class='ocrx_word' id='word_1_56' title='bbox 1406 1225 1778 1303; x_wconf 90' lang='lat' dir='ltr'>invenitur</span> <span class='ocrx_word' id='word_1_57' title='bbox 1822 1219 2213 1298; x_wconf 88' lang='lat' dir='ltr'>-musicum</span> 
     </span>
     <span class='ocr_line' id='line_1_10' title="bbox 669 1318 2216 1424; baseline -0.004 -23"><span class='ocrx_word' id='word_1_58' title='bbox 669 1322 940 1422; x_wconf 82' lang='lat' dir='ltr'>absque</span> <span class='ocrx_word' id='word_1_59' title='bbox 990 1323 1161 1403; x_wconf 90' lang='lat' dir='ltr'>albo</span> <span class='ocrx_word' id='word_1_60' title='bbox 1210 1377 1237 1420; x_wconf 80' lang='lat'><strong>‚</strong></span> <span class='ocrx_word' id='word_1_61' title='bbox 1289 1326 1666 1424; x_wconf 82' lang='lat' dir='ltr'>probabile</span> <span class='ocrx_word' id='word_1_62' title='bbox 1735 1320 1838 1400; x_wconf 87' lang='lat' dir='ltr'>est</span> <span class='ocrx_word' id='word_1_63' title='bbox 1886 1320 2084 1421; x_wconf 91' lang='lat' dir='ltr'>quod</span> <span class='ocrx_word' id='word_1_64' title='bbox 2135 1318 2216 1395; x_wconf 89' lang='lat' dir='ltr'>in</span> 
     </span>
     <span class='ocr_line' id='line_1_11' title="bbox 668 1420 2217 1526; baseline -0.002 -26"><span class='ocrx_word' id='word_1_65' title='bbox 668 1423 921 1522; x_wconf 90' lang='lat' dir='ltr'>aliquo</span> <span class='ocrx_word' id='word_1_66' title='bbox 959 1423 1113 1502; x_wconf 88' lang='lat' dir='ltr'>alio</span> <span class='ocrx_word' id='word_1_67' title='bbox 1158 1426 1371 1526; x_wconf 83' lang='lat' dir='ltr'>poffit</span> <span class='ocrx_word' id='word_1_68' title='bbox 1423 1424 1743 1506; x_wconf 88' lang='lat' dir='ltr'>inveniri</span> <span class='ocrx_word' id='word_1_69' title='bbox 1792 1421 2045 1501; x_wconf 87' lang='lat' dir='ltr'>album</span> <span class='ocrx_word' id='word_1_70' title='bbox 2094 1420 2217 1498; x_wconf 90' lang='lat' dir='ltr'>ab·</span> 
     </span>
     <span class='ocr_line' id='line_1_12' title="bbox 666 1523 2211 1626; baseline -0.001 -25"><span class='ocrx_word' id='word_1_71' title='bbox 666 1523 839 1624; x_wconf 87' lang='lat' dir='ltr'>sque</span> <span class='ocrx_word' id='word_1_72' title='bbox 891 1526 1172 1604; x_wconf 86' lang='lat' dir='ltr'>musico</span> <span class='ocrx_word' id='word_1_73' title='bbox 1190 1583 1209 1602; x_wconf 90' lang='lat'><strong>.</strong></span> <span class='ocrx_word' id='word_1_74' title='bbox 1233 1527 1310 1608; x_wconf 88' lang='lat' dir='ltr'>Si</span> <span class='ocrx_word' id='word_1_75' title='bbox 1340 1528 1565 1626; x_wconf 85' lang='lat' dir='ltr'>igitur</span> <span class='ocrx_word' id='word_1_76' title='bbox 1585 1541 1895 1604; x_wconf 81' lang='lat' dir='ltr'>movens</span> <span class='ocrx_word' id='word_1_77' title='bbox 1914 1577 1941 1619; x_wconf 90' lang='lat'>,</span> <span class='ocrx_word' id='word_1_78' title='bbox 1957 1523 2032 1600; x_wconf 88' lang='lat'>&amp;</span> <span class='ocrx_word' id='word_1_79' title='bbox 2055 1546 2211 1600; x_wconf 84' lang='lat' dir='ltr'>rno-</span> 
     </span>
     <span class='ocr_line' id='line_1_13' title="bbox 667 1624 2215 1738; baseline -0.003 -36"><span class='ocrx_word' id='word_1_80' title='bbox 667 1640 831 1702; x_wconf 89' lang='lat' dir='ltr'>tum</span> <span class='ocrx_word' id='word_1_81' title='bbox 882 1624 1421 1725; x_wconf 82' lang='lat' dir='ltr'>conjunguntur</span> <span class='ocrx_word' id='word_1_82' title='bbox 1472 1627 1552 1705; x_wconf 91' lang='lat' dir='ltr'>in</span> <span class='ocrx_word' id='word_1_83' title='bbox 1601 1626 1854 1726; x_wconf 92' lang='lat' dir='ltr'>aliquo</span> <span class='ocrx_word' id='word_1_84' title='bbox 1901 1648 2034 1738; x_wconf 86' lang='lat' dir='ltr'>per</span> <span class='ocrx_word' id='word_1_85' title='bbox 2101 1646 2215 1699; x_wconf 87' lang='lat' dir='ltr'>ac-</span> 
     </span>
     <span class='ocr_line' id='line_1_14' title="bbox 671 1722 2215 1819; baseline -0.004 -17"><span class='ocrx_word' id='word_1_86' title='bbox 671 1723 921 1802; x_wconf 87' lang='lat' dir='ltr'>cidens</span> <span class='ocrx_word' id='word_1_87' title='bbox 937 1776 964 1819; x_wconf 81' lang='lat'><strong>‚</strong></span> <span class='ocrx_word' id='word_1_88' title='bbox 1013 1745 1303 1803; x_wconf 87' lang='lat' dir='ltr'>motum</span> <span class='ocrx_word' id='word_1_89' title='bbox 1355 1743 1605 1805; x_wconf 89' lang='lat' dir='ltr'>autem</span> <span class='ocrx_word' id='word_1_90' title='bbox 1687 1726 2060 1803; x_wconf 84' lang='lat' dir='ltr'>invemtur</span> <span class='ocrx_word' id='word_1_91' title='bbox 2132 1722 2215 1797; x_wconf 90' lang='lat' dir='ltr'>in</span> 
     </span>
     <span class='ocr_line' id='line_1_15' title="bbox 667 1823 2216 1925; baseline -0.005 -24"><span class='ocrx_word' id='word_1_92' title='bbox 667 1823 921 1921; x_wconf 83' lang='lat' dir='ltr'>aliquo</span> <span class='ocrx_word' id='word_1_93' title='bbox 968 1824 1236 1924; x_wconf 88' lang='lat' dir='ltr'>absque</span> <span class='ocrx_word' id='word_1_94' title='bbox 1288 1851 1379 1903; x_wconf 90' lang='lat' dir='ltr'>eo</span> <span class='ocrx_word' id='word_1_95' title='bbox 1424 1825 1624 1925; x_wconf 92' lang='lat' dir='ltr'>quod</span> <span class='ocrx_word' id='word_1_96' title='bbox 1674 1840 1969 1901; x_wconf 88' lang='lat' dir='ltr'>moveat</span> <span class='ocrx_word' id='word_1_97' title='bbox 1996 1876 2022 1915; x_wconf 85' lang='lat'>‚</span> <span class='ocrx_word' id='word_1_98' title='bbox 2056 1843 2216 1917; x_wconf 86' lang='lat' dir='ltr'>pro·</span> 
     </span>
     <span class='ocr_line' id='line_1_16' title="bbox 670 1920 2216 2024; baseline -0.004 -23"><span class='ocrx_word' id='word_1_99' title='bbox 670 1923 917 2001; x_wconf 86' lang='lat' dir='ltr'>babile</span> <span class='ocrx_word' id='word_1_100' title='bbox 987 1922 1087 2000; x_wconf 89' lang='lat' dir='ltr'>est</span> <span class='ocrx_word' id='word_1_101' title='bbox 1153 1927 1351 2024; x_wconf 93' lang='lat' dir='ltr'>quod</span> <span class='ocrx_word' id='word_1_102' title='bbox 1424 1948 1730 2003; x_wconf 84' lang='lat' dir='ltr'>movens</span> <span class='ocrx_word' id='word_1_103' title='bbox 1799 1920 2216 2001; x_wconf 84' lang='lat' dir='ltr'>inveniatur</span> 
     </span>
     <span class='ocr_line' id='line_1_17' title="bbox 676 2023 1836 2123; baseline -0.002 -23"><span class='ocrx_word' id='word_1_104' title='bbox 676 2023 945 2122; x_wconf 86' lang='lat' dir='ltr'>absque</span> <span class='ocrx_word' id='word_1_105' title='bbox 996 2048 1088 2101; x_wconf 90' lang='lat' dir='ltr'>eo</span> <span class='ocrx_word' id='word_1_106' title='bbox 1135 2027 1335 2123; x_wconf 91' lang='lat' dir='ltr'>quod</span> <span class='ocrx_word' id='word_1_107' title='bbox 1385 2044 1766 2101; x_wconf 90' lang='lat' dir='ltr'>moveatur</span> <span class='ocrx_word' id='word_1_108' title='bbox 1814 2078 1836 2098; x_wconf 88' lang='lat'>.</span> 
     </span>
    </p>

    <p class='ocr_par' dir='ltr' id='par_1_3' title="bbox 664 2116 2250 4997">
     <span class='ocr_line' id='line_1_18' title="bbox 778 2116 2217 2222; baseline -0.004 -21"><span class='ocrx_word' id='word_1_109' title='bbox 778 2125 947 2201; x_wconf 92' lang='lat' dir='ltr'>Nec</span> <span class='ocrx_word' id='word_1_110' title='bbox 997 2138 1251 2200; x_wconf 90' lang='lat' dir='ltr'>contra</span> <span class='ocrx_word' id='word_1_111' title='bbox 1300 2121 1442 2200; x_wconf 84' lang='lat' dir='ltr'>hoc</span> <span class='ocrx_word' id='word_1_112' title='bbox 1493 2122 1721 2222; x_wconf 90' lang='lat' dir='ltr'>potest</span> <span class='ocrx_word' id='word_1_113' title='bbox 1773 2119 1934 2198; x_wconf 88' lang='lat' dir='ltr'>fieri</span> <span class='ocrx_word' id='word_1_114' title='bbox 1956 2116 2217 2197; x_wconf 79' lang='lat' dir='ltr'>instan-</span> 
     </span>
     <span class='ocr_line' id='line_1_19' title="bbox 664 2217 2217 2322; baseline -0.004 -22"><span class='ocrx_word' id='word_1_115' title='bbox 664 2222 776 2300; x_wconf 81' lang='lat' dir='ltr'>tia</span> <span class='ocrx_word' id='word_1_116' title='bbox 826 2222 916 2298; x_wconf 92' lang='lat' dir='ltr'>de</span> <span class='ocrx_word' id='word_1_117' title='bbox 968 2222 1249 2301; x_wconf 82' lang='lat' dir='ltr'>duobus</span> <span class='ocrx_word' id='word_1_118' title='bbox 1296 2246 1614 2322; x_wconf 90' lang='lat' dir='ltr'>quorum</span> <span class='ocrx_word' id='word_1_119' title='bbox 1666 2245 1896 2301; x_wconf 88' lang='lat' dir='ltr'>unum</span> <span class='ocrx_word' id='word_1_120' title='bbox 1974 2220 2069 2296; x_wconf 92' lang='lat' dir='ltr'>ab</span> <span class='ocrx_word' id='word_1_121' title='bbox 2118 2217 2217 2295; x_wconf 89' lang='lat' dir='ltr'>al·</span> 
     </span>
     <span class='ocr_line' id='line_1_20' title="bbox 674 2317 2221 2420; baseline -0.005 -20"><span class='ocrx_word' id='word_1_122' title='bbox 674 2336 837 2400; x_wconf 85' lang='lat' dir='ltr'>tero</span> <span class='ocrx_word' id='word_1_123' title='bbox 886 2323 1242 2420; x_wconf 87' lang='lat' dir='ltr'>dependet</span> <span class='ocrx_word' id='word_1_124' title='bbox 1290 2375 1318 2414; x_wconf 84' lang='lat'>‚</span> <span class='ocrx_word' id='word_1_125' title='bbox 1375 2323 1494 2402; x_wconf 89' lang='lat' dir='ltr'>sed</span> <span class='ocrx_word' id='word_1_126' title='bbox 1544 2347 1697 2402; x_wconf 89' lang='lat' dir='ltr'>non</span> <span class='ocrx_word' id='word_1_127' title='bbox 1747 2317 2221 2412; x_wconf 77' lang='lat' dir='ltr'>econtrario,</span> 
     </span>
     <span class='ocr_line' id='line_1_21' title="bbox 671 2420 2218 2521; baseline -0.002 -22"><span class='ocrx_word' id='word_1_128' title='bbox 671 2437 757 2499; x_wconf 90' lang='lat' dir='ltr'>ut</span> <span class='ocrx_word' id='word_1_129' title='bbox 809 2439 1007 2521; x_wconf 90' lang='lat' dir='ltr'>patet</span> <span class='ocrx_word' id='word_1_130' title='bbox 1056 2423 1144 2500; x_wconf 88' lang='lat' dir='ltr'>de</span> <span class='ocrx_word' id='word_1_131' title='bbox 1199 2422 1629 2518; x_wconf 78' lang='lat' dir='ltr'>substantia,</span> <span class='ocrx_word' id='word_1_132' title='bbox 1680 2421 1753 2500; x_wconf 89' lang='grc'><strong>8(</strong></span> <span class='ocrx_word' id='word_1_133' title='bbox 1803 2420 2218 2501; x_wconf 88' lang='lat' dir='ltr'>accidente:</span> 
     </span>
     <span class='ocr_line' id='line_1_22' title="bbox 675 2520 2222 2623; baseline -0.001 -24"><span class='ocrx_word' id='word_1_134' title='bbox 675 2522 830 2599; x_wconf 82' lang='lat' dir='ltr'>haec</span> <span class='ocrx_word' id='word_1_135' title='bbox 882 2521 1087 2598; x_wconf 89' lang='lat' dir='ltr'>enim</span> <span class='ocrx_word' id='word_1_136' title='bbox 1137 2521 1680 2623; x_wconf 79' lang='lat' dir='ltr'>conjunguntur</span> <span class='ocrx_word' id='word_1_137' title='bbox 1728 2546 1857 2622; x_wconf 90' lang='lat' dir='ltr'>per</span> <span class='ocrx_word' id='word_1_138' title='bbox 1906 2520 2017 2616; x_wconf 87' lang='lat' dir='ltr'>se,</span> <span class='ocrx_word' id='word_1_139' title='bbox 2068 2545 2222 2598; x_wconf 90' lang='lat' dir='ltr'>non</span> 
     </span>
     <span class='ocr_line' id='line_1_23' title="bbox 678 2621 2224 2738; baseline 0.002 -42"><span class='ocrx_word' id='word_1_140' title='bbox 678 2643 810 2722; x_wconf 89' lang='lat' dir='ltr'>per</span> <span class='ocrx_word' id='word_1_141' title='bbox 858 2621 1190 2701; x_wconf 86' lang='lat' dir='ltr'>accidens</span> <span class='ocrx_word' id='word_1_142' title='bbox 1217 2679 1236 2700; x_wconf 90' lang='lat'><strong>.</strong></span> <span class='ocrx_word' id='word_1_143' title='bbox 1266 2622 1344 2703; x_wconf 90' lang='lat' dir='ltr'>Si</span> <span class='ocrx_word' id='word_1_144' title='bbox 1396 2639 1643 2702; x_wconf 89' lang='lat' dir='ltr'>autem</span> <span class='ocrx_word' id='word_1_145' title='bbox 1695 2623 2031 2738; x_wconf 84' lang='lat' dir='ltr'>praedicta</span> <span class='ocrx_word' id='word_1_146' title='bbox 2063 2644 2224 2719; x_wconf 86' lang='lat' dir='ltr'>pro-</span> 
     </span>
     <span class='ocr_line' id='line_1_24' title="bbox 680 2720 2230 2836; baseline -0.002 -37"><span class='ocrx_word' id='word_1_147' title='bbox 680 2720 957 2836; x_wconf 83' lang='lat' dir='ltr'>positio</span> <span class='ocrx_word' id='word_1_148' title='bbox 979 2721 1077 2799; x_wconf 88' lang='lat' dir='ltr'>est</span> <span class='ocrx_word' id='word_1_149' title='bbox 1094 2748 1265 2801; x_wconf 89' lang='lat' dir='ltr'>vera</span> <span class='ocrx_word' id='word_1_150' title='bbox 1286 2748 1412 2823; x_wconf 88' lang='lat' dir='ltr'>per</span> <span class='ocrx_word' id='word_1_151' title='bbox 1432 2724 1526 2820; x_wconf 90' lang='lat' dir='ltr'>se,</span> <span class='ocrx_word' id='word_1_152' title='bbox 1549 2723 1891 2803; x_wconf 76' lang='lat' dir='ltr'>similiter</span> <span class='ocrx_word' id='word_1_153' title='bbox 1913 2720 2230 2822; x_wconf 88' lang='lat' dir='ltr'>sequitur</span> 
     </span>
     <span class='ocr_line' id='line_1_25' title="bbox 686 2822 2231 2922; baseline -0.001 -22"><span class='ocrx_word' id='word_1_154' title='bbox 686 2822 1130 2921; x_wconf 78' lang='lat' dir='ltr'>impossibile</span> <span class='ocrx_word' id='word_1_155' title='bbox 1183 2878 1210 2919; x_wconf 89' lang='lat'>‚</span> <span class='ocrx_word' id='word_1_156' title='bbox 1259 2824 1380 2903; x_wconf 91' lang='lat' dir='ltr'>vel</span> <span class='ocrx_word' id='word_1_157' title='bbox 1435 2824 2008 2913; x_wconf 76' lang='lat' dir='ltr'>inconveniens3</span> <span class='ocrx_word' id='word_1_158' title='bbox 2057 2822 2231 2922; x_wconf 88' lang='lat' dir='ltr'>quia</span> 
     </span>
     <span class='ocr_line' id='line_1_26' title="bbox 687 2921 2235 3023; baseline 0 -24"><span class='ocrx_word' id='word_1_159' title='bbox 687 2921 813 2999; x_wconf 88' lang='lat' dir='ltr'>vel</span> <span class='ocrx_word' id='word_1_160' title='bbox 864 2941 1153 3022; x_wconf 88' lang='lat' dir='ltr'>oportet</span> <span class='ocrx_word' id='word_1_161' title='bbox 1203 2927 1398 3023; x_wconf 92' lang='lat' dir='ltr'>quod</span> <span class='ocrx_word' id='word_1_162' title='bbox 1482 2951 1787 3004; x_wconf 86' lang='lat' dir='ltr'>movens</span> <span class='ocrx_word' id='word_1_163' title='bbox 1855 2939 2235 3002; x_wconf 89' lang='lat' dir='ltr'>moveatur</span> 
     </span>
     <span class='ocr_line' id='line_1_27' title="bbox 680 3022 2230 3126; baseline -0.001 -26"><span class='ocrx_word' id='word_1_164' title='bbox 680 3022 940 3100; x_wconf 86' lang='lat' dir='ltr'>eadem</span> <span class='ocrx_word' id='word_1_165' title='bbox 994 3023 1227 3122; x_wconf 90' lang='lat' dir='ltr'>specie</span> <span class='ocrx_word' id='word_1_166' title='bbox 1281 3043 1519 3105; x_wconf 87' lang='lat' dir='ltr'>motus</span> <span class='ocrx_word' id='word_1_167' title='bbox 1571 3053 1714 3126; x_wconf 88' lang='lat' dir='ltr'>qua</span> <span class='ocrx_word' id='word_1_168' title='bbox 1765 3041 2061 3118; x_wconf 85' lang='lat' dir='ltr'>movet,</span> <span class='ocrx_word' id='word_1_169' title='bbox 2110 3022 2230 3101; x_wconf 88' lang='lat' dir='ltr'>vel</span> 
     </span>
     <span class='ocr_line' id='line_1_28' title="bbox 683 3120 2237 3225; baseline 0.004 -28"><span class='ocrx_word' id='word_1_170' title='bbox 683 3120 832 3197; x_wconf 80' lang='lat' dir='ltr'>alia</span> <span class='ocrx_word' id='word_1_171' title='bbox 863 3177 882 3197; x_wconf 91' lang='lat'><strong>.</strong></span> <span class='ocrx_word' id='word_1_172' title='bbox 938 3123 1016 3201; x_wconf 90' lang='lat' dir='ltr'>Si</span> <span class='ocrx_word' id='word_1_173' title='bbox 1069 3126 1368 3219; x_wconf 85' lang='lat' dir='ltr'>eadem,</span> <span class='ocrx_word' id='word_1_174' title='bbox 1414 3150 1588 3225; x_wconf 88' lang='lat' dir='ltr'>ergo</span> <span class='ocrx_word' id='word_1_175' title='bbox 1639 3125 2006 3225; x_wconf 83' lang='lat' dir='ltr'>oportebit</span> <span class='ocrx_word' id='word_1_176' title='bbox 2040 3124 2237 3224; x_wconf 91' lang='lat' dir='ltr'>quod</span> 
     </span>
     <span class='ocr_line' id='line_1_29' title="bbox 688 3221 2236 3322; baseline 0.003 -25"><span class='ocrx_word' id='word_1_177' title='bbox 688 3221 1007 3298; x_wconf 86' lang='lat' dir='ltr'>alterans</span> <span class='ocrx_word' id='word_1_178' title='bbox 1087 3222 1424 3300; x_wconf 90' lang='lat' dir='ltr'>alteretur</span> <span class='ocrx_word' id='word_1_179' title='bbox 1474 3278 1500 3319; x_wconf 87' lang='lat'>,</span> <span class='ocrx_word' id='word_1_180' title='bbox 1550 3228 1619 3304; x_wconf 88' lang='grc'><strong>8(</strong></span> <span class='ocrx_word' id='word_1_181' title='bbox 1692 3226 1991 3303; x_wconf 87' lang='lat' dir='ltr'>ulterius</span> <span class='ocrx_word' id='word_1_182' title='bbox 2041 3225 2236 3322; x_wconf 92' lang='lat' dir='ltr'>quod</span> 
     </span>
     <span class='ocr_line' id='line_1_30' title="bbox 691 3321 2242 3422; baseline 0 -22"><span class='ocrx_word' id='word_1_183' title='bbox 691 3321 951 3400; x_wconf 85' lang='lat' dir='ltr'>sanans</span> <span class='ocrx_word' id='word_1_184' title='bbox 1004 3322 1287 3399; x_wconf 86' lang='lat' dir='ltr'>sanetur</span> <span class='ocrx_word' id='word_1_185' title='bbox 1325 3375 1352 3415; x_wconf 84' lang='lat'>‚</span> <span class='ocrx_word' id='word_1_186' title='bbox 1400 3323 1470 3399; x_wconf 92' lang='grc'><strong>8(</strong></span> <span class='ocrx_word' id='word_1_187' title='bbox 1524 3326 1719 3422; x_wconf 92' lang='lat' dir='ltr'>quod</span> <span class='ocrx_word' id='word_1_188' title='bbox 1786 3327 2049 3402; x_wconf 87' lang='lat' dir='ltr'>docens</span> <span class='ocrx_word' id='word_1_189' title='bbox 2120 3324 2242 3400; x_wconf 86' lang='lat' dir='ltr'>do.</span> 
     </span>
     <span class='ocr_line' id='line_1_31' title="bbox 687 3421 2246 3500; baseline -0.002 0"><span class='ocrx_word' id='word_1_190' title='bbox 687 3439 944 3500; x_wconf 80' lang='lat' dir='ltr'>ceatur</span> <span class='ocrx_word' id='word_1_191' title='bbox 965 3421 1192 3499; x_wconf 89' lang='lat' dir='ltr'>etiam</span> <span class='ocrx_word' id='word_1_192' title='bbox 1231 3421 1616 3500; x_wconf 89' lang='lat' dir='ltr'>secundum</span> <span class='ocrx_word' id='word_1_193' title='bbox 1654 3424 1988 3499; x_wconf 90' lang='lat' dir='ltr'>eamdem</span> <span class='ocrx_word' id='word_1_194' title='bbox 2024 3421 2246 3499; x_wconf 85' lang='lat' dir='ltr'>scien.</span> 
     </span>
     <span class='ocr_line' id='line_1_32' title="bbox 696 3520 2241 3621; baseline -0.003 -22"><span class='ocrx_word' id='word_1_195' title='bbox 696 3521 888 3599; x_wconf 87' lang='lat' dir='ltr'>tiam</span> <span class='ocrx_word' id='word_1_196' title='bbox 943 3576 961 3595; x_wconf 90' lang='lat'><strong>.</strong></span> <span class='ocrx_word' id='word_1_197' title='bbox 1020 3523 1190 3600; x_wconf 90' lang='lat' dir='ltr'>Hoc</span> <span class='ocrx_word' id='word_1_198' title='bbox 1241 3538 1490 3600; x_wconf 88' lang='lat' dir='ltr'>autem</span> <span class='ocrx_word' id='word_1_199' title='bbox 1563 3523 1659 3599; x_wconf 86' lang='lat' dir='ltr'>est</span> <span class='ocrx_word' id='word_1_200' title='bbox 1731 3520 2167 3621; x_wconf 85' lang='lat' dir='ltr'>impoffibile</span> <span class='ocrx_word' id='word_1_201' title='bbox 2222 3545 2241 3595; x_wconf 73' lang='grc' dir='ltr'><strong><em>ε</em></strong></span> 
     </span>
     <span class='ocr_line' id='line_1_33' title="bbox 687 3621 2243 3701; baseline 0 -4"><span class='ocrx_word' id='word_1_202' title='bbox 687 3645 870 3697; x_wconf 88' lang='lat' dir='ltr'>nam</span> <span class='ocrx_word' id='word_1_203' title='bbox 964 3623 1348 3700; x_wconf 87' lang='lat' dir='ltr'>docentem</span> <span class='ocrx_word' id='word_1_204' title='bbox 1433 3623 1708 3701; x_wconf 75' lang='lat' dir='ltr'>necesse</span> <span class='ocrx_word' id='word_1_205' title='bbox 1799 3622 1901 3699; x_wconf 93' lang='lat' dir='ltr'>est</span> <span class='ocrx_word' id='word_1_206' title='bbox 1979 3621 2243 3699; x_wconf 87' lang='lat' dir='ltr'>habere</span> 
     </span>
     <span class='ocr_line' id='line_1_34' title="bbox 688 3720 2243 3819; baseline 0.001 -22"><span class='ocrx_word' id='word_1_207' title='bbox 688 3720 1076 3798; x_wconf 89' lang='lat' dir='ltr'>scientiam</span> <span class='ocrx_word' id='word_1_208' title='bbox 1125 3775 1154 3819; x_wconf 86' lang='lat'>,</span> <span class='ocrx_word' id='word_1_209' title='bbox 1205 3720 1693 3801; x_wconf 86' lang='lat' dir='ltr'>addiscentem</span> <span class='ocrx_word' id='word_1_210' title='bbox 1762 3748 1939 3802; x_wconf 91' lang='lat' dir='ltr'>vero</span> <span class='ocrx_word' id='word_1_211' title='bbox 2008 3722 2243 3801; x_wconf 87' lang='lat' dir='ltr'>neces·</span> 
     </span>
     <span class='ocr_line' id='line_1_35' title="bbox 675 3819 2243 3914; baseline 0.002 -18"><span class='ocrx_word' id='word_1_212' title='bbox 675 3820 769 3913; x_wconf 63' lang='lat' dir='ltr'>.„se</span> <span class='ocrx_word' id='word_1_213' title='bbox 819 3819 917 3897; x_wconf 87' lang='lat' dir='ltr'>est</span> <span class='ocrx_word' id='word_1_214' title='bbox 974 3846 1128 3899; x_wconf 90' lang='lat' dir='ltr'>non</span> <span class='ocrx_word' id='word_1_215' title='bbox 1181 3821 1446 3911; x_wconf 85' lang='lat' dir='ltr'>habere</span> <span class='ocrx_word' id='word_1_216' title='bbox 1499 3848 1523 3914; x_wconf 69' lang='grc' dir='ltr'><strong>ς</strong></span> <span class='ocrx_word' id='word_1_217' title='bbox 1572 3824 1644 3901; x_wconf 91' lang='grc'><strong>8(</strong></span> <span class='ocrx_word' id='word_1_218' title='bbox 1696 3823 1801 3902; x_wconf 86' lang='lat' dir='ltr'>sic</span> <span class='ocrx_word' id='word_1_219' title='bbox 1854 3825 2051 3900; x_wconf 90' lang='lat' dir='ltr'>idern</span> <span class='ocrx_word' id='word_1_220' title='bbox 2124 3822 2243 3899; x_wconf 87' lang='lat' dir='ltr'>ha-</span> 
     </span>
     <span class='ocr_line' id='line_1_36' title="bbox 687 3920 2235 4016; baseline 0 -20"><span class='ocrx_word' id='word_1_221' title='bbox 687 3920 992 3998; x_wconf 83' lang='lat' dir='ltr'>bebitur</span> <span class='ocrx_word' id='word_1_222' title='bbox 1043 3921 1139 3999; x_wconf 90' lang='lat' dir='ltr'>ab</span> <span class='ocrx_word' id='word_1_223' title='bbox 1190 3924 1449 4000; x_wconf 89' lang='lat' dir='ltr'>eodem</span> <span class='ocrx_word' id='word_1_224' title='bbox 1471 3923 1587 4016; x_wconf 86' lang='lat'>‚&amp;</span> <span class='ocrx_word' id='word_1_225' title='bbox 1642 3950 1793 4001; x_wconf 89' lang='lat' dir='ltr'>non</span> <span class='ocrx_word' id='word_1_226' title='bbox 1830 3923 2235 4001; x_wconf 87' lang='lat' dir='ltr'>habebitur:</span> 
     </span>
     <span class='ocr_line' id='line_1_37' title="bbox 689 4020 2240 4121; baseline 0.002 -25"><span class='ocrx_word' id='word_1_227' title='bbox 689 4021 893 4120; x_wconf 90' lang='lat' dir='ltr'>quod</span> <span class='ocrx_word' id='word_1_228' title='bbox 977 4020 1075 4097; x_wconf 89' lang='lat' dir='ltr'>est</span> <span class='ocrx_word' id='word_1_229' title='bbox 1149 4021 1587 4121; x_wconf 86' lang='lat' dir='ltr'>impossibile</span> <span class='ocrx_word' id='word_1_230' title='bbox 1640 4081 1658 4099; x_wconf 89' lang='lat'>.</span> <span class='ocrx_word' id='word_1_231' title='bbox 1714 4025 1790 4103; x_wconf 89' lang='lat' dir='ltr'>Si</span> <span class='ocrx_word' id='word_1_232' title='bbox 1842 4042 2090 4102; x_wconf 89' lang='lat' dir='ltr'>autem</span> <span class='ocrx_word' id='word_1_233' title='bbox 2142 4023 2240 4099; x_wconf 90' lang='lat' dir='ltr'>se-</span> 
     </span>
     <span class='ocr_line' id='line_1_38' title="bbox 688 4120 2240 4220; baseline 0.001 -22"><span class='ocrx_word' id='word_1_234' title='bbox 688 4120 1011 4198; x_wconf 84' lang='lat' dir='ltr'>cundum</span> <span class='ocrx_word' id='word_1_235' title='bbox 1044 4121 1269 4198; x_wconf 91' lang='lat' dir='ltr'>aliam</span> <span class='ocrx_word' id='word_1_236' title='bbox 1311 4122 1622 4220; x_wconf 89' lang='lat' dir='ltr'>speciem</span> <span class='ocrx_word' id='word_1_237' title='bbox 1674 4140 1913 4202; x_wconf 82' lang='lat' dir='ltr'>motus</span> <span class='ocrx_word' id='word_1_238' title='bbox 1948 4149 2240 4201; x_wconf 86' lang='lat' dir='ltr'>movea-</span> 
     </span>
     <span class='ocr_line' id='line_1_39' title="bbox 693 4220 2239 4319; baseline 0.004 -25"><span class='ocrx_word' id='word_1_239' title='bbox 693 4220 975 4314; x_wconf 82' lang='lat' dir='ltr'>tur‚ita</span> <span class='ocrx_word' id='word_1_240' title='bbox 1030 4221 1302 4298; x_wconf 85' lang='lat' dir='ltr'>scilicet</span> <span class='ocrx_word' id='word_1_241' title='bbox 1354 4223 1554 4319; x_wconf 90' lang='lat' dir='ltr'>quod</span> <span class='ocrx_word' id='word_1_242' title='bbox 1592 4223 1899 4302; x_wconf 81' lang='lat' dir='ltr'>alterans</span> <span class='ocrx_word' id='word_1_243' title='bbox 1952 4249 2239 4302; x_wconf 88' lang='lat' dir='ltr'>movea-</span> 
     </span>
     <span class='ocr_line' id='line_1_40' title="bbox 693 4319 2247 4416; baseline 0.004 -20"><span class='ocrx_word' id='word_1_244' title='bbox 693 4331 814 4396; x_wconf 86' lang='lat' dir='ltr'>tur</span> <span class='ocrx_word' id='word_1_245' title='bbox 866 4320 1255 4398; x_wconf 88' lang='lat' dir='ltr'>secundum</span> <span class='ocrx_word' id='word_1_246' title='bbox 1274 4319 1545 4416; x_wconf 86' lang='lat' dir='ltr'>locum,</span> <span class='ocrx_word' id='word_1_247' title='bbox 1565 4322 1636 4400; x_wconf 92' lang='grc'><strong>8(</strong></span> <span class='ocrx_word' id='word_1_248' title='bbox 1669 4349 1974 4402; x_wconf 86' lang='lat' dir='ltr'>movens</span> <span class='ocrx_word' id='word_1_249' title='bbox 2007 4323 2247 4402; x_wconf 89' lang='lat' dir='ltr'>secun-</span> 
     </span>
     <span class='ocr_line' id='line_1_41' title="bbox 689 4417 2246 4520; baseline 0.006 -25"><span class='ocrx_word' id='word_1_250' title='bbox 689 4417 873 4495; x_wconf 88' lang='lat' dir='ltr'>dum</span> <span class='ocrx_word' id='word_1_251' title='bbox 925 4418 1171 4496; x_wconf 89' lang='lat' dir='ltr'>locum</span> <span class='ocrx_word' id='word_1_252' title='bbox 1221 4437 1607 4520; x_wconf 87' lang='lat' dir='ltr'>augeatur,</span> <span class='ocrx_word' id='word_1_253' title='bbox 1659 4425 1728 4502; x_wconf 93' lang='grc'><strong>8(</strong></span> <span class='ocrx_word' id='word_1_254' title='bbox 1781 4424 1885 4500; x_wconf 86' lang='lat' dir='ltr'>sic</span> <span class='ocrx_word' id='word_1_255' title='bbox 1934 4426 2024 4501; x_wconf 92' lang='lat' dir='ltr'>de</span> <span class='ocrx_word' id='word_1_256' title='bbox 2058 4425 2246 4514; x_wconf 74' lang='lat' dir='ltr'>alii83</span> 
     </span>
     <span class='ocr_line' id='line_1_42' title="bbox 692 4516 2244 4621; baseline 0.005 -26"><span class='ocrx_word' id='word_1_257' title='bbox 692 4540 870 4595; x_wconf 85' lang='lat' dir='ltr'>curn</span> <span class='ocrx_word' id='word_1_258' title='bbox 922 4516 1069 4595; x_wconf 86' lang='lat' dir='ltr'>sint</span> <span class='ocrx_word' id='word_1_259' title='bbox 1089 4517 1293 4597; x_wconf 89' lang='lat' dir='ltr'>finita</span> <span class='ocrx_word' id='word_1_260' title='bbox 1321 4547 1648 4620; x_wconf 81' lang='lat' dir='ltr'>genera,</span> <span class='ocrx_word' id='word_1_261' title='bbox 1675 4525 1747 4601; x_wconf 88' lang='grc'><strong>8(</strong></span> <span class='ocrx_word' id='word_1_262' title='bbox 1772 4523 2036 4621; x_wconf 85' lang='lat' dir='ltr'>species</span> <span class='ocrx_word' id='word_1_263' title='bbox 2090 4549 2244 4603; x_wconf 91' lang='lat' dir='ltr'>mo·</span> 
     </span>
     <span class='ocr_line' id='line_1_43' title="bbox 695 4617 2250 4720; baseline 0.004 -24"><span class='ocrx_word' id='word_1_264' title='bbox 695 4618 863 4708; x_wconf 85' lang='lat' dir='ltr'>tus‚·</span> <span class='ocrx_word' id='word_1_265' title='bbox 907 4617 1238 4716; x_wconf 89' lang='lat' dir='ltr'>sequetur</span> <span class='ocrx_word' id='word_1_266' title='bbox 1309 4624 1501 4720; x_wconf 89' lang='lat' dir='ltr'>quod</span> <span class='ocrx_word' id='word_1_267' title='bbox 1555 4649 1706 4701; x_wconf 90' lang='lat' dir='ltr'>non</span> <span class='ocrx_word' id='word_1_268' title='bbox 1769 4625 1866 4704; x_wconf 83' lang='lat' dir='ltr'>sit</span> <span class='ocrx_word' id='word_1_269' title='bbox 1916 4624 2117 4702; x_wconf 90' lang='lat' dir='ltr'>abire</span> <span class='ocrx_word' id='word_1_270' title='bbox 2170 4625 2250 4702; x_wconf 90' lang='lat' dir='ltr'>in</span> 
     </span>
     <span class='ocr_line' id='line_1_44' title="bbox 693 4715 2248 4825; baseline 0.004 -29"><span class='ocrx_word' id='word_1_271' title='bbox 693 4715 1075 4797; x_wconf 87' lang='lat' dir='ltr'>infinitum</span> <span class='ocrx_word' id='word_1_272' title='bbox 1125 4772 1154 4816; x_wconf 86' lang='lat'>‚</span> <span class='ocrx_word' id='word_1_273' title='bbox 1229 4719 1301 4797; x_wconf 94' lang='grc'><strong>8(</strong></span> <span class='ocrx_word' id='word_1_274' title='bbox 1356 4720 1450 4798; x_wconf 88' lang='lat' dir='ltr'>fic</span> <span class='ocrx_word' id='word_1_275' title='bbox 1520 4724 1658 4802; x_wconf 90' lang='lat' dir='ltr'>erit</span> <span class='ocrx_word' id='word_1_276' title='bbox 1724 4723 2020 4824; x_wconf 91' lang='lat' dir='ltr'>aliquod</span> <span class='ocrx_word' id='word_1_277' title='bbox 2104 4725 2248 4825; x_wconf 91' lang='lat' dir='ltr'>pri·</span> 
     </span>
     <span class='ocr_line' id='line_1_45' title="bbox 694 4823 2244 4997; baseline 0.007 -102"><span class='ocrx_word' id='word_1_278' title='bbox 694 4842 910 4997; x_wconf 52' lang='grc' dir='ltr'>Ἥρω</span> <span class='ocrx_word' id='word_1_279' title='bbox 962 4843 1267 4900; x_wconf 86' lang='lat' dir='ltr'>movens</span> <span class='ocrx_word' id='word_1_280' title='bbox 1316 4823 1512 4921; x_wconf 93' lang='lat' dir='ltr'>quod</span> <span class='ocrx_word' id='word_1_281' title='bbox 1561 4847 1713 4901; x_wconf 91' lang='lat' dir='ltr'>non</span> <span class='ocrx_word' id='word_1_282' title='bbox 1761 4842 2103 4908; x_wconf 89' lang='lat' dir='ltr'>movetur</span> <span class='ocrx_word' id='word_1_283' title='bbox 2151 4827 2244 4906; x_wconf 90' lang='lat' dir='ltr'>ab</span> 
     </span>
    </p>

    <p class='ocr_par' dir='ltr' id='par_1_4' title="bbox 770 4943 1315 4998">
     <span class='ocr_line' id='line_1_46' title="bbox 770 4943 1315 4998; baseline 0.004 -2"><span class='ocrx_word' id='word_1_284' title='bbox 770 4943 885 4997; x_wconf 77' lang='lat' dir='ltr'>io.</span> <span class='ocrx_word' id='word_1_285' title='bbox 1082 4991 1089 4994; x_wconf 85' lang='lat'><em>.</em></span> <span class='ocrx_word' id='word_1_286' title='bbox 1306 4993 1315 4998; x_wconf 75' lang='lat'><em>-</em></span> 
     </span>
    </p>

    <p class='ocr_par' dir='ltr' id='par_1_5' title="bbox 704 5023 1769 5107">
     <span class='ocr_line' id='line_1_47' title="bbox 704 5023 1769 5107; baseline 0.002 -5"><span class='ocrx_word' id='word_1_287' title='bbox 704 5053 709 5060; x_wconf 94' lang='lat'>·</span> <span class='ocrx_word' id='word_1_288' title='bbox 797 5023 1769 5107; x_wconf 68' lang='lat' dir='ltr'>S.Tb.Contr.Gent.Tom.L</span> 
     </span>
    </p>
   </div>
   <div class='ocr_carea' id='block_1_3' title="bbox 2309 412 3889 3122">
    <p class='ocr_par' dir='ltr' id='par_1_6' title="bbox 2309 412 3871 2018">
     <span class='ocr_line' id='line_1_48' title="bbox 3780 412 3854 479; baseline 0 0"><span class='ocrx_word' id='word_1_289' title='bbox 3780 412 3854 479; x_wconf 84' lang='lat'>¹7</span> 
     </span>
     <span class='ocr_line' id='line_1_49' title="bbox 2325 508 3860 617; baseline 0.011 -37"><span class='ocrx_word' id='word_1_290' title='bbox 2325 570 2332 579; x_wconf 91' lang='lat'><strong>.</strong></span> <span class='ocrx_word' id='word_1_291' title='bbox 2412 508 2586 603; x_wconf 76' lang='lat' dir='ltr'>Nisi</span> <span class='ocrx_word' id='word_1_292' title='bbox 2637 508 2825 591; x_wconf 86' lang='lat' dir='ltr'>forte</span> <span class='ocrx_word' id='word_1_293' title='bbox 2875 512 2976 591; x_wconf 88' lang='lat' dir='ltr'>ali</span> <span class='ocrx_word' id='word_1_294' title='bbox 3031 512 3143 592; x_wconf 84' lang='lat' dir='ltr'>uis</span> <span class='ocrx_word' id='word_1_295' title='bbox 3187 511 3428 609; x_wconf 53' lang='lat' dir='ltr'>dican</span> <span class='ocrx_word' id='word_1_296' title='bbox 3477 518 3677 617; x_wconf 90' lang='lat' dir='ltr'>quod</span> <span class='ocrx_word' id='word_1_297' title='bbox 3729 513 3860 597; x_wconf 84' lang='lat' dir='ltr'>fiat</span> 
     </span>
     <span class='ocr_line' id='line_1_50' title="bbox 2313 609 3864 727; baseline 0.005 -37"><span class='ocrx_word' id='word_1_298' title='bbox 2313 610 2615 727; x_wconf 59' lang='lat' dir='ltr'>reflegrio</span> <span class='ocrx_word' id='word_1_299' title='bbox 2663 609 2804 693; x_wconf 85' lang='lat' dir='ltr'>hoc</span> <span class='ocrx_word' id='word_1_300' title='bbox 2854 639 2934 691; x_wconf 90' lang='lat' dir='ltr'>m</span> <span class='ocrx_word' id='word_1_301' title='bbox 3130 667 3159 710; x_wconf 86' lang='lat'><strong>‚</strong></span> <span class='ocrx_word' id='word_1_302' title='bbox 3206 616 3407 716; x_wconf 87' lang='lat' dir='ltr'>quod</span> <span class='ocrx_word' id='word_1_303' title='bbox 3474 618 3864 714; x_wconf 75' lang='lat' dir='ltr'>completis</span> 
     </span>
     <span class='ocr_line' id='line_1_51' title="bbox 2309 713 3867 816; baseline 0.001 -23"><span class='ocrx_word' id='word_1_304' title='bbox 2309 713 2655 793; x_wconf 81' lang='lat' dir='ltr'>ommbus</span> <span class='ocrx_word' id='word_1_305' title='bbox 2704 716 3137 814; x_wconf 84' lang='lat' dir='ltr'>generibus,</span> <span class='ocrx_word' id='word_1_306' title='bbox 3169 714 3245 795; x_wconf 91' lang='grc'><strong>8(</strong></span> <span class='ocrx_word' id='word_1_307' title='bbox 3296 714 3668 816; x_wconf 81' lang='lat' dir='ltr'>speciebus</span> <span class='ocrx_word' id='word_1_308' title='bbox 3708 742 3867 796; x_wconf 88' lang='lat' dir='ltr'>mo·</span> 
     </span>
     <span class='ocr_line' id='line_1_52' title="bbox 2310 814 3868 918; baseline 0 -23"><span class='ocrx_word' id='word_1_309' title='bbox 2310 830 2427 895; x_wconf 78' lang='lat' dir='ltr'>tus</span> <span class='ocrx_word' id='word_1_310' title='bbox 2477 868 2506 911; x_wconf 84' lang='lat'>‚</span> <span class='ocrx_word' id='word_1_311' title='bbox 2552 814 2824 895; x_wconf 88' lang='lat' dir='ltr'>iterum</span> <span class='ocrx_word' id='word_1_312' title='bbox 2875 830 3208 918; x_wconf 64' lang='lat' dir='ltr'>oporteat</span> <span class='ocrx_word' id='word_1_313' title='bbox 3255 816 3490 897; x_wconf 86' lang='lat' dir='ltr'>redire</span> <span class='ocrx_word' id='word_1_314' title='bbox 3558 817 3655 895; x_wconf 82' lang='lat' dir='ltr'>ad</span> <span class='ocrx_word' id='word_1_315' title='bbox 3711 817 3868 916; x_wconf 86' lang='lat' dir='ltr'>pri·</span> 
     </span>
     <span class='ocr_line' id='line_1_53' title="bbox 2318 915 3868 1009; baseline 0.005 -17"><span class='ocrx_word' id='word_1_316' title='bbox 2318 940 2531 995; x_wconf 87' lang='lat' dir='ltr'>mum</span> <span class='ocrx_word' id='word_1_317' title='bbox 2580 970 2609 1009; x_wconf 83' lang='lat'>‚</span> <span class='ocrx_word' id='word_1_318' title='bbox 2660 934 2745 996; x_wconf 92' lang='lat' dir='ltr'>ut</span> <span class='ocrx_word' id='word_1_319' title='bbox 2794 915 2847 995; x_wconf 86' lang='lat' dir='ltr'>si</span> <span class='ocrx_word' id='word_1_320' title='bbox 2919 943 3232 997; x_wconf 84' lang='lat' dir='ltr'>movens</span> <span class='ocrx_word' id='word_1_321' title='bbox 3295 919 3687 997; x_wconf 83' lang='lat' dir='ltr'>secundum</span> <span class='ocrx_word' id='word_1_322' title='bbox 3758 917 3868 999; x_wconf 83' lang='lat' dir='ltr'>lo·</span> 
     </span>
     <span class='ocr_line' id='line_1_54' title="bbox 2313 1017 3871 1119; baseline 0.004 -25"><span class='ocrx_word' id='word_1_323' title='bbox 2313 1042 2486 1095; x_wconf 86' lang='lat' dir='ltr'>cum</span> <span class='ocrx_word' id='word_1_324' title='bbox 2534 1017 2881 1097; x_wconf 82' lang='lat' dir='ltr'>alteretur</span> <span class='ocrx_word' id='word_1_325' title='bbox 2925 1070 2953 1115; x_wconf 88' lang='lat'>‚</span> <span class='ocrx_word' id='word_1_326' title='bbox 3002 1017 3078 1097; x_wconf 90' lang='grc'><strong>8(</strong></span> <span class='ocrx_word' id='word_1_327' title='bbox 3128 1018 3438 1119; x_wconf 68' lang='lat' dir='ltr'>alteram</span> <span class='ocrx_word' id='word_1_328' title='bbox 3485 1035 3871 1119; x_wconf 68' lang='lat' dir='ltr'>augeatur,</span> 
     </span>
     <span class='ocr_line' id='line_1_55' title="bbox 2314 1117 3865 1320; baseline 0.001 -23"><span class='ocrx_word' id='word_1_329' title='bbox 2314 1117 2583 1298; x_wconf 46' lang='lat'>{2253</span> <span class='ocrx_word' id='word_1_330' title='bbox 2659 1142 2954 1299; x_wconf 53' lang='lat' dir='ltr'>tm</span> <span class='ocrx_word' id='word_1_331' title='bbox 2984 1119 3865 1320; x_wconf 53' lang='lat' dir='ltr'>&#39;ffiissq‘ffe&#39;oesffi‘issffi</span> 
     </span>
     <span class='ocr_line' id='line_1_56' title="bbox 2315 1317 3864 1420; baseline 0.002 -22"><span class='ocrx_word' id='word_1_332' title='bbox 2315 1319 2512 1419; x_wconf 90' lang='lat' dir='ltr'>quod</span> <span class='ocrx_word' id='word_1_333' title='bbox 2561 1317 2760 1418; x_wconf 77' lang='lat' dir='ltr'>prius</span> <span class='ocrx_word' id='word_1_334' title='bbox 2810 1373 2837 1415; x_wconf 88' lang='lat'>,</span> <span class='ocrx_word' id='word_1_335' title='bbox 2906 1319 3180 1409; x_wconf 82' lang='lat' dir='ltr'>scilicet</span> <span class='ocrx_word' id='word_1_336' title='bbox 3245 1321 3445 1420; x_wconf 90' lang='lat' dir='ltr'>quod</span> <span class='ocrx_word' id='word_1_337' title='bbox 3516 1319 3593 1396; x_wconf 90' lang='lat' dir='ltr'>id</span> <span class='ocrx_word' id='word_1_338' title='bbox 3658 1319 3864 1419; x_wconf 87' lang='lat' dir='ltr'>quod</span> 
     </span>
     <span class='ocr_line' id='line_1_57' title="bbox 2315 1420 3860 1522; baseline -0.003 -20"><span class='ocrx_word' id='word_1_339' title='bbox 2315 1436 2571 1502; x_wconf 88' lang='lat' dir='ltr'>movet</span> <span class='ocrx_word' id='word_1_340' title='bbox 2600 1420 2988 1500; x_wconf 88' lang='lat' dir='ltr'>secundum</span> <span class='ocrx_word' id='word_1_341' title='bbox 3019 1420 3342 1522; x_wconf 69' lang='lat' dir='ltr'>aliquam</span> <span class='ocrx_word' id='word_1_342' title='bbox 3363 1420 3678 1521; x_wconf 85' lang='lat' dir='ltr'>speciem</span> <span class='ocrx_word' id='word_1_343' title='bbox 3698 1443 3860 1498; x_wconf 87' lang='lat' dir='ltr'>mo·</span> 
     </span>
     <span class='ocr_line' id='line_1_58' title="bbox 2313 1520 3860 1617; baseline -0.003 -15"><span class='ocrx_word' id='word_1_344' title='bbox 2313 1537 2428 1602; x_wconf 82' lang='lat' dir='ltr'>tus</span> <span class='ocrx_word' id='word_1_345' title='bbox 2481 1575 2508 1617; x_wconf 89' lang='lat'>,</span> <span class='ocrx_word' id='word_1_346' title='bbox 2557 1520 2948 1599; x_wconf 88' lang='lat' dir='ltr'>secundum</span> <span class='ocrx_word' id='word_1_347' title='bbox 3000 1524 3307 1600; x_wconf 90' lang='lat' dir='ltr'>eandem</span> <span class='ocrx_word' id='word_1_348' title='bbox 3387 1537 3775 1600; x_wconf 87' lang='lat' dir='ltr'>moveatur</span> <span class='ocrx_word' id='word_1_349' title='bbox 3825 1562 3860 1617; x_wconf 12' lang='grc' dir='ltr'>,Ν</span> 
     </span>
     <span class='ocr_line' id='line_1_59' title="bbox 2312 1620 3868 1717; baseline 0 -17"><span class='ocrx_word' id='word_1_350' title='bbox 2312 1648 2466 1701; x_wconf 92' lang='lat' dir='ltr'>non</span> <span class='ocrx_word' id='word_1_351' title='bbox 2537 1620 2962 1701; x_wconf 89' lang='lat' dir='ltr'>immediate</span> <span class='ocrx_word' id='word_1_352' title='bbox 3011 1675 3042 1717; x_wconf 85' lang='lat'>‚</span> <span class='ocrx_word' id='word_1_353' title='bbox 3094 1622 3212 1700; x_wconf 89' lang='lat' dir='ltr'>sed</span> <span class='ocrx_word' id='word_1_354' title='bbox 3278 1621 3594 1701; x_wconf 87' lang='lat' dir='ltr'>mediate</span> <span class='ocrx_word' id='word_1_355' title='bbox 3641 1677 3665 1699; x_wconf 83' lang='lat'><strong>.</strong></span> <span class='ocrx_word' id='word_1_356' title='bbox 3720 1626 3868 1700; x_wconf 87' lang='lat' dir='ltr'>Re-</span> 
     </span>
     <span class='ocr_line' id='line_1_60' title="bbox 2315 1720 3868 1820; baseline 0.001 -23"><span class='ocrx_word' id='word_1_357' title='bbox 2315 1720 2675 1820; x_wconf 85' lang='lat' dir='ltr'>linquitur</span> <span class='ocrx_word' id='word_1_358' title='bbox 2724 1744 2901 1818; x_wconf 87' lang='lat' dir='ltr'>ergo</span> <span class='ocrx_word' id='word_1_359' title='bbox 2966 1723 3165 1819; x_wconf 88' lang='lat' dir='ltr'>quod</span> <span class='ocrx_word' id='word_1_360' title='bbox 3236 1738 3527 1819; x_wconf 87' lang='lat' dir='ltr'>oportet</span> <span class='ocrx_word' id='word_1_361' title='bbox 3593 1738 3868 1818; x_wconf 84' lang='lat' dir='ltr'>ponere</span> 
     </span>
     <span class='ocr_line' id='line_1_61' title="bbox 2315 1820 3864 1933; baseline 0 -38"><span class='ocrx_word' id='word_1_362' title='bbox 2315 1820 2615 1918; x_wconf 89' lang='lat' dir='ltr'>aliquod</span> <span class='ocrx_word' id='word_1_363' title='bbox 2663 1820 2984 1918; x_wconf 90' lang='lat' dir='ltr'>primum</span> <span class='ocrx_word' id='word_1_364' title='bbox 3040 1873 3067 1912; x_wconf 83' lang='lat'>‚</span> <span class='ocrx_word' id='word_1_365' title='bbox 3118 1820 3316 1933; x_wconf 87' lang='lat' dir='ltr'>quod</span> <span class='ocrx_word' id='word_1_366' title='bbox 3366 1844 3518 1896; x_wconf 88' lang='lat' dir='ltr'>non</span> <span class='ocrx_word' id='word_1_367' title='bbox 3569 1843 3864 1917; x_wconf 74' lang='lat' dir='ltr'>movea-</span> 
     </span>
     <span class='ocr_line' id='line_1_62' title="bbox 2315 1917 3764 2018; baseline -0.004 -18"><span class='ocrx_word' id='word_1_368' title='bbox 2315 1938 2436 2000; x_wconf 86' lang='lat' dir='ltr'>tur</span> <span class='ocrx_word' id='word_1_369' title='bbox 2475 1917 2580 1995; x_wconf 82' lang='lat' dir='ltr'>ab</span> <span class='ocrx_word' id='word_1_370' title='bbox 2628 1918 2882 2018; x_wconf 89' lang='lat' dir='ltr'>aliquo</span> <span class='ocrx_word' id='word_1_371' title='bbox 2932 1918 3273 1997; x_wconf 75' lang='lat' dir='ltr'>exteriori</span> <span class='ocrx_word' id='word_1_372' title='bbox 3326 1974 3346 1994; x_wconf 89' lang='lat'><strong>.</strong></span> <span class='ocrx_word' id='word_1_373' title='bbox 3752 1930 3764 1973; x_wconf 75' lang='lat'>1</span> 
     </span>
    </p>

    <p class='ocr_par' dir='ltr' id='par_1_7' title="bbox 2313 2017 3889 3122">
     <span class='ocr_line' id='line_1_63' title="bbox 2420 2017 3872 2119; baseline 0.001 -23"><span class='ocrx_word' id='word_1_374' title='bbox 2420 2017 2622 2118; x_wconf 80' lang='lat' dir='ltr'>Quia</span> <span class='ocrx_word' id='word_1_375' title='bbox 2703 2042 2885 2096; x_wconf 89' lang='lat' dir='ltr'>vero</span> <span class='ocrx_word' id='word_1_376' title='bbox 2960 2018 3100 2098; x_wconf 89' lang='lat' dir='ltr'>hoc</span> <span class='ocrx_word' id='word_1_377' title='bbox 3178 2018 3436 2097; x_wconf 88' lang='lat' dir='ltr'>habito</span> <span class='ocrx_word' id='word_1_378' title='bbox 3487 2073 3515 2119; x_wconf 83' lang='lat'>‚</span> <span class='ocrx_word' id='word_1_379' title='bbox 3591 2018 3872 2099; x_wconf 79' lang='lat' dir='ltr'>scilicet</span> 
     </span>
     <span class='ocr_line' id='line_1_64' title="bbox 2313 2116 3873 2219; baseline 0.001 -22"><span class='ocrx_word' id='word_1_380' title='bbox 2313 2120 2514 2218; x_wconf 92' lang='lat' dir='ltr'>quod</span> <span class='ocrx_word' id='word_1_381' title='bbox 2564 2116 2651 2195; x_wconf 85' lang='lat' dir='ltr'>fit</span> <span class='ocrx_word' id='word_1_382' title='bbox 2701 2119 3024 2217; x_wconf 88' lang='lat' dir='ltr'>primurn</span> <span class='ocrx_word' id='word_1_383' title='bbox 3077 2143 3381 2198; x_wconf 83' lang='lat' dir='ltr'>movens</span> <span class='ocrx_word' id='word_1_384' title='bbox 3450 2122 3649 2219; x_wconf 91' lang='lat' dir='ltr'>quod</span> <span class='ocrx_word' id='word_1_385' title='bbox 3715 2140 3873 2198; x_wconf 84' lang='lat' dir='ltr'>non</span> 
     </span>
     <span class='ocr_line' id='line_1_65' title="bbox 2316 2217 3878 2315; baseline 0.002 -19"><span class='ocrx_word' id='word_1_386' title='bbox 2316 2232 2699 2297; x_wconf 87' lang='lat' dir='ltr'>moveatur</span> <span class='ocrx_word' id='word_1_387' title='bbox 2762 2217 2859 2295; x_wconf 89' lang='lat' dir='ltr'>ab</span> <span class='ocrx_word' id='word_1_388' title='bbox 2922 2217 3026 2295; x_wconf 93' lang='lat' dir='ltr'>ali</span> <span class='ocrx_word' id='word_1_389' title='bbox 3079 2243 3178 2300; x_wconf 91' lang='lat' dir='ltr'>uo</span> <span class='ocrx_word' id='word_1_390' title='bbox 3225 2220 3586 2313; x_wconf 31' lang='lat' dir='ltr'>*exteriori</span> <span class='ocrx_word' id='word_1_391' title='bbox 3639 2274 3666 2315; x_wconf 89' lang='lat'>‚</span> <span class='ocrx_word' id='word_1_392' title='bbox 3717 2240 3878 2299; x_wconf 74' lang='lat' dir='ltr'>noa</span> 
     </span>
     <span class='ocr_line' id='line_1_66' title="bbox 2322 2242 3877 2436; baseline 0 -40"><span class='ocrx_word' id='word_1_393' title='bbox 2322 2318 2641 2433; x_wconf 75' lang='lat' dir='ltr'>sequitur</span> <span class='ocrx_word' id='word_1_394' title='bbox 2716 2321 2915 2418; x_wconf 91' lang='lat' dir='ltr'>quod</span> <span class='ocrx_word' id='word_1_395' title='bbox 2965 2242 3097 2434; x_wconf 33' lang='lat' dir='ltr'>‘siit</span> <span class='ocrx_word' id='word_1_396' title='bbox 3171 2320 3459 2436; x_wconf 43' lang='lat' dir='ltr'>penitus·</span> <span class='ocrx_word' id='word_1_397' title='bbox 3526 2320 3877 2400; x_wconf 60' lang='lat' dir='ltr'>immobk</span> 
     </span>
     <span class='ocr_line' id='line_1_67' title="bbox 2317 2416 3870 2520; baseline 0.003 -25"><span class='ocrx_word' id='word_1_398' title='bbox 2317 2416 2388 2496; x_wconf 91' lang='lat' dir='ltr'>le</span> <span class='ocrx_word' id='word_1_399' title='bbox 2443 2445 2468 2511; x_wconf 67' lang='grc' dir='ltr'><strong>ς</strong></span> <span class='ocrx_word' id='word_1_400' title='bbox 2535 2419 2704 2497; x_wconf 81' lang='lat' dir='ltr'>ideo</span> <span class='ocrx_word' id='word_1_401' title='bbox 2771 2419 3071 2499; x_wconf 80' lang='lat' dir='ltr'>ulterius</span> <span class='ocrx_word' id='word_1_402' title='bbox 3171 2422 3497 2520; x_wconf 76' lang='lat' dir='ltr'>procedit</span> <span class='ocrx_word' id='word_1_403' title='bbox 3591 2419 3870 2500; x_wconf 79' lang='lat' dir='ltr'>Aristo-</span> 
     </span>
     <span class='ocr_line' id='line_1_68' title="bbox 2322 2518 3886 2622; baseline 0.003 -24"><span class='ocrx_word' id='word_1_404' title='bbox 2322 2518 2501 2598; x_wconf 80' lang='lat' dir='ltr'>teles</span> <span class='ocrx_word' id='word_1_405' title='bbox 2547 2519 2899 2617; x_wconf 89' lang='lat' dir='ltr'>dicendo(</span> <span class='ocrx_word' id='word_1_406' title='bbox 2931 2524 3146 2601; x_wconf 89' lang='lat' dir='ltr'><strong>VIII.</strong></span> <span class='ocrx_word' id='word_1_407' title='bbox 3184 2521 3392 2622; x_wconf 80' lang='lat' dir='ltr'>Phys.</span> <span class='ocrx_word' id='word_1_408' title='bbox 3429 2538 3570 2600; x_wconf 86' lang='lat' dir='ltr'>tex.</span> <span class='ocrx_word' id='word_1_409' title='bbox 3599 2525 3886 2602; x_wconf 63' lang='lat' dir='ltr'>comnu&#39;</span> 
     </span>
     <span class='ocr_line' id='line_1_69' title="bbox 2322 2620 3875 2720; baseline -0.003 -20"><span class='ocrx_word' id='word_1_410' title='bbox 2322 2644 2557 2700; x_wconf 85' lang='lat' dir='ltr'>xxxv1</span> <span class='ocrx_word' id='word_1_411' title='bbox 2580 2620 2669 2714; x_wconf 88' lang='lat' dir='ltr'>r.)</span> <span class='ocrx_word' id='word_1_412' title='bbox 2690 2622 2889 2719; x_wconf 89' lang='lat' dir='ltr'>quod</span> <span class='ocrx_word' id='word_1_413' title='bbox 2938 2620 3081 2700; x_wconf 91' lang='lat' dir='ltr'>hoc</span> <span class='ocrx_word' id='word_1_414' title='bbox 3131 2620 3360 2720; x_wconf 90' lang='lat' dir='ltr'>potest</span> <span class='ocrx_word' id='word_1_415' title='bbox 3413 2622 3587 2699; x_wconf 73' lang='lat' dir='ltr'>esset</span> <span class='ocrx_word' id='word_1_416' title='bbox 3636 2621 3875 2720; x_wconf 87' lang='lat' dir='ltr'>dupli·</span> 
     </span>
     <span class='ocr_line' id='line_1_70' title="bbox 2331 2717 3875 2820; baseline -0.001 -22"><span class='ocrx_word' id='word_1_417' title='bbox 2331 2722 2546 2799; x_wconf 90' lang='lat' dir='ltr'>citer.</span> <span class='ocrx_word' id='word_1_418' title='bbox 2602 2722 2784 2798; x_wconf 93' lang='lat' dir='ltr'>Uno</span> <span class='ocrx_word' id='word_1_419' title='bbox 2833 2722 3060 2799; x_wconf 92' lang='lat' dir='ltr'>modo</span> <span class='ocrx_word' id='word_1_420' title='bbox 3113 2721 3216 2799; x_wconf 91' lang='lat' dir='ltr'>ita</span> <span class='ocrx_word' id='word_1_421' title='bbox 3265 2723 3463 2820; x_wconf 92' lang='lat' dir='ltr'>quod</span> <span class='ocrx_word' id='word_1_422' title='bbox 3515 2719 3698 2798; x_wconf 89' lang='lat' dir='ltr'>illud</span> <span class='ocrx_word' id='word_1_423' title='bbox 3728 2717 3875 2819; x_wconf 68' lang='lat' dir='ltr'>pri-</span> 
     </span>
     <span class='ocr_line' id='line_1_71' title="bbox 2329 2817 3878 2921; baseline 0.001 -23"><span class='ocrx_word' id='word_1_424' title='bbox 2329 2845 2542 2900; x_wconf 88' lang='lat' dir='ltr'>mum</span> <span class='ocrx_word' id='word_1_425' title='bbox 2594 2817 2680 2900; x_wconf 89' lang='lat' dir='ltr'>fit</span> <span class='ocrx_word' id='word_1_426' title='bbox 2727 2822 3014 2921; x_wconf 84' lang='lat' dir='ltr'>penitus</span> <span class='ocrx_word' id='word_1_427' title='bbox 3064 2819 3495 2901; x_wconf 87' lang='lat' dir='ltr'>immobile:</span> <span class='ocrx_word' id='word_1_428' title='bbox 3550 2845 3700 2920; x_wconf 92' lang='lat' dir='ltr'>quo</span> <span class='ocrx_word' id='word_1_429' title='bbox 3749 2843 3878 2920; x_wconf 90' lang='lat' dir='ltr'>po·</span> 
     </span>
     <span class='ocr_line' id='line_1_72' title="bbox 2334 2920 3886 3023; baseline 0.001 -25"><span class='ocrx_word' id='word_1_430' title='bbox 2334 2922 2471 3001; x_wconf 87' lang='lat' dir='ltr'>fito</span> <span class='ocrx_word' id='word_1_431' title='bbox 2523 2921 2828 2999; x_wconf 89' lang='lat' dir='ltr'>habetur</span> <span class='ocrx_word' id='word_1_432' title='bbox 2863 2921 3310 3023; x_wconf 81' lang='lat' dir='ltr'>propositum</span> <span class='ocrx_word' id='word_1_433' title='bbox 3330 2976 3356 3016; x_wconf 88' lang='lat'>‚</span> <span class='ocrx_word' id='word_1_434' title='bbox 3388 2921 3662 3001; x_wconf 75' lang='lat' dir='ltr'>scilicet</span> <span class='ocrx_word' id='word_1_435' title='bbox 3680 2920 3886 3020; x_wconf 81' lang='lat' dir='ltr'>quod</span> 
     </span>
     <span class='ocr_line' id='line_1_73' title="bbox 2334 3020 3889 3122; baseline 0 -22"><span class='ocrx_word' id='word_1_436' title='bbox 2334 3022 2420 3100; x_wconf 81' lang='lat' dir='ltr'>fit</span> <span class='ocrx_word' id='word_1_437' title='bbox 2485 3022 2782 3122; x_wconf 91' lang='lat' dir='ltr'>aliquod</span> <span class='ocrx_word' id='word_1_438' title='bbox 2850 3022 3173 3121; x_wconf 87' lang='lat' dir='ltr'>primum</span> <span class='ocrx_word' id='word_1_439' title='bbox 3239 3046 3547 3100; x_wconf 87' lang='lat' dir='ltr'>movens</span> <span class='ocrx_word' id='word_1_440' title='bbox 3621 3020 3889 3100; x_wconf 88' lang='lat' dir='ltr'>immo-</span> 
     </span>
    </p>
   </div>
   <div class='ocr_carea' id='block_1_4' title="bbox 2338 3121 4034 3224">
    <p class='ocr_par' dir='ltr' id='par_1_8' title="bbox 2338 3121 4034 3224">
     <span class='ocr_line' id='line_1_74' title="bbox 2338 3121 4034 3224; baseline -0.001 -23"><span class='ocrx_word' id='word_1_441' title='bbox 2338 3122 2521 3201; x_wconf 89' lang='lat' dir='ltr'>bile.</span> <span class='ocrx_word' id='word_1_442' title='bbox 2577 3122 2760 3201; x_wconf 90' lang='lat' dir='ltr'>Alio</span> <span class='ocrx_word' id='word_1_443' title='bbox 2810 3125 3036 3202; x_wconf 89' lang='lat' dir='ltr'>modo</span> <span class='ocrx_word' id='word_1_444' title='bbox 3085 3125 3283 3224; x_wconf 90' lang='lat' dir='ltr'>quod</span> <span class='ocrx_word' id='word_1_445' title='bbox 3336 3121 3516 3200; x_wconf 89' lang='lat' dir='ltr'>illud</span> <span class='ocrx_word' id='word_1_446' title='bbox 3555 3121 3885 3221; x_wconf 86' lang='lat' dir='ltr'>primum</span> <span class='ocrx_word' id='word_1_447' title='bbox 4023 3203 4034 3214; x_wconf 18' lang='lat' dir='ltr'>N</span> 
     </span>
    </p>
   </div>
   <div class='ocr_carea' id='block_1_5' title="bbox 2336 3223 3900 5113">
    <p class='ocr_par' dir='ltr' id='par_1_9' title="bbox 2336 3223 3900 5113">
     <span class='ocr_line' id='line_1_75' title="bbox 2336 3223 3888 3304; baseline -0.001 -5"><span class='ocrx_word' id='word_1_448' title='bbox 2336 3239 2718 3304; x_wconf 87' lang='lat' dir='ltr'>moveatur</span> <span class='ocrx_word' id='word_1_449' title='bbox 2783 3247 2829 3301; x_wconf 90' lang='lat' dir='ltr'>a</span> <span class='ocrx_word' id='word_1_450' title='bbox 2901 3223 3016 3302; x_wconf 71' lang='lat' dir='ltr'>set</span> <span class='ocrx_word' id='word_1_451' title='bbox 3065 3224 3140 3301; x_wconf 90' lang='grc'><strong>8(</strong></span> <span class='ocrx_word' id='word_1_452' title='bbox 3189 3223 3332 3301; x_wconf 91' lang='lat' dir='ltr'>hoc</span> <span class='ocrx_word' id='word_1_453' title='bbox 3381 3223 3671 3302; x_wconf 89' lang='lat' dir='ltr'>videtur</span> <span class='ocrx_word' id='word_1_454' title='bbox 3770 3241 3888 3299; x_wconf 87' lang='lat' dir='ltr'>ro·</span> 
     </span>
     <span class='ocr_line' id='line_1_76' title="bbox 2344 3322 3886 3425; baseline 0 -27"><span class='ocrx_word' id='word_1_455' title='bbox 2344 3323 2588 3401; x_wconf 87' lang='lat' dir='ltr'>babile</span> <span class='ocrx_word' id='word_1_456' title='bbox 2641 3377 2668 3418; x_wconf 86' lang='lat'>‚</span> <span class='ocrx_word' id='word_1_457' title='bbox 2717 3322 2891 3422; x_wconf 83' lang='lat' dir='ltr'>quia</span> <span class='ocrx_word' id='word_1_458' title='bbox 2937 3325 3136 3425; x_wconf 91' lang='lat' dir='ltr'>quod</span> <span class='ocrx_word' id='word_1_459' title='bbox 3186 3322 3286 3403; x_wconf 89' lang='lat' dir='ltr'>est</span> <span class='ocrx_word' id='word_1_460' title='bbox 3338 3347 3465 3424; x_wconf 88' lang='lat' dir='ltr'>per</span> <span class='ocrx_word' id='word_1_461' title='bbox 3516 3322 3587 3399; x_wconf 90' lang='lat' dir='ltr'>se</span> <span class='ocrx_word' id='word_1_462' title='bbox 3623 3374 3651 3416; x_wconf 86' lang='lat'><strong>‚</strong></span> <span class='ocrx_word' id='word_1_463' title='bbox 3776 3345 3886 3399; x_wconf 88' lang='lat' dir='ltr'>m·</span> 
     </span>
     <span class='ocr_line' id='line_1_77' title="bbox 2344 3420 3884 3524; baseline 0.001 -25"><span class='ocrx_word' id='word_1_464' title='bbox 2344 3445 2473 3521; x_wconf 89' lang='lat' dir='ltr'>per</span> <span class='ocrx_word' id='word_1_465' title='bbox 2524 3420 2622 3498; x_wconf 89' lang='lat' dir='ltr'>est</span> <span class='ocrx_word' id='word_1_466' title='bbox 2675 3423 2872 3521; x_wconf 83' lang='lat' dir='ltr'>prius</span> <span class='ocrx_word' id='word_1_467' title='bbox 2922 3448 3014 3503; x_wconf 87' lang='lat' dir='ltr'>eo</span> <span class='ocrx_word' id='word_1_468' title='bbox 3062 3426 3259 3524; x_wconf 91' lang='lat' dir='ltr'>quod</span> <span class='ocrx_word' id='word_1_469' title='bbox 3313 3423 3408 3502; x_wconf 86' lang='lat' dir='ltr'>est</span> <span class='ocrx_word' id='word_1_470' title='bbox 3461 3447 3590 3522; x_wconf 90' lang='lat' dir='ltr'>per</span> <span class='ocrx_word' id='word_1_471' title='bbox 3639 3420 3884 3500; x_wconf 71' lang='lat' dir='ltr'>aliudz</span> 
     </span>
     <span class='ocr_line' id='line_1_78' title="bbox 2341 3521 3885 3624; baseline -0.004 -20"><span class='ocrx_word' id='word_1_472' title='bbox 2341 3523 2533 3604; x_wconf 82' lang='lat' dir='ltr'>unde</span> <span class='ocrx_word' id='word_1_473' title='bbox 2582 3521 2656 3598; x_wconf 90' lang='grc'><strong>8(</strong></span> <span class='ocrx_word' id='word_1_474' title='bbox 2707 3523 2790 3599; x_wconf 91' lang='lat' dir='ltr'>in</span> <span class='ocrx_word' id='word_1_475' title='bbox 2840 3523 3063 3603; x_wconf 82' lang='lat' dir='ltr'>motis</span> <span class='ocrx_word' id='word_1_476' title='bbox 3100 3525 3420 3624; x_wconf 89' lang='lat' dir='ltr'>primum</span> <span class='ocrx_word' id='word_1_477' title='bbox 3456 3538 3747 3600; x_wconf 89' lang='lat' dir='ltr'>motum</span> <span class='ocrx_word' id='word_1_478' title='bbox 3776 3544 3885 3599; x_wconf 88' lang='lat' dir='ltr'>ra·</span> 
     </span>
     <span class='ocr_line' id='line_1_79' title="bbox 2343 3620 3891 3726; baseline 0 -27"><span class='ocrx_word' id='word_1_479' title='bbox 2343 3620 2695 3700; x_wconf 86' lang='lat' dir='ltr'>tionabile</span> <span class='ocrx_word' id='word_1_480' title='bbox 2765 3622 2864 3701; x_wconf 87' lang='lat' dir='ltr'>est</span> <span class='ocrx_word' id='word_1_481' title='bbox 2931 3649 3060 3726; x_wconf 91' lang='lat' dir='ltr'>per</span> <span class='ocrx_word' id='word_1_482' title='bbox 3113 3625 3183 3703; x_wconf 92' lang='lat' dir='ltr'>se</span> <span class='ocrx_word' id='word_1_483' title='bbox 3236 3623 3470 3725; x_wconf 89' lang='lat' dir='ltr'>ipsum</span> <span class='ocrx_word' id='word_1_484' title='bbox 3521 3621 3807 3701; x_wconf 85' lang='lat' dir='ltr'>moveri</span> <span class='ocrx_word' id='word_1_485' title='bbox 3857 3666 3891 3718; x_wconf 72' lang='lat'>‚</span> 
     </span>
     <span class='ocr_line' id='line_1_80' title="bbox 2345 3721 3887 3819; baseline 0.002 -21"><span class='ocrx_word' id='word_1_486' title='bbox 2345 3747 2497 3801; x_wconf 91' lang='lat' dir='ltr'>non</span> <span class='ocrx_word' id='word_1_487' title='bbox 2547 3722 2640 3799; x_wconf 91' lang='lat' dir='ltr'>ab</span> <span class='ocrx_word' id='word_1_488' title='bbox 2694 3721 2845 3804; x_wconf 90' lang='lat' dir='ltr'>alio</span> <span class='ocrx_word' id='word_1_489' title='bbox 2894 3781 2914 3804; x_wconf 86' lang='lat'><strong>.</strong></span> <span class='ocrx_word' id='word_1_490' title='bbox 2968 3727 3108 3807; x_wconf 88' lang='lat' dir='ltr'>Sed</span> <span class='ocrx_word' id='word_1_491' title='bbox 3159 3726 3300 3805; x_wconf 90' lang='lat' dir='ltr'>hoc</span> <span class='ocrx_word' id='word_1_492' title='bbox 3348 3725 3561 3819; x_wconf 84' lang='lat' dir='ltr'>dato,</span> <span class='ocrx_word' id='word_1_493' title='bbox 3615 3723 3887 3802; x_wconf 83' lang='lat' dir='ltr'>iterum</span> 
     </span>
     <span class='ocr_line' id='line_1_81' title="bbox 2346 3820 3891 3924; baseline 0.001 -25"><span class='ocrx_word' id='word_1_494' title='bbox 2346 3823 2543 3902; x_wconf 90' lang='lat' dir='ltr'>idem</span> <span class='ocrx_word' id='word_1_495' title='bbox 2597 3824 2926 3924; x_wconf 87' lang='lat' dir='ltr'>sequetur</span> <span class='ocrx_word' id='word_1_496' title='bbox 2955 3882 2977 3904; x_wconf 85' lang='lat'><strong>.</strong></span> <span class='ocrx_word' id='word_1_497' title='bbox 3032 3828 3217 3906; x_wconf 92' lang='lat' dir='ltr'>Non</span> <span class='ocrx_word' id='word_1_498' title='bbox 3263 3823 3470 3904; x_wconf 86' lang='lat' dir='ltr'>enirn</span> <span class='ocrx_word' id='word_1_499' title='bbox 3522 3821 3750 3923; x_wconf 90' lang='lat' dir='ltr'>potest</span> <span class='ocrx_word' id='word_1_500' title='bbox 3782 3820 3891 3904; x_wconf 56' lang='lat' dir='ltr'>dia</span> 
     </span>
     <span class='ocr_line' id='line_1_82' title="bbox 2341 3924 3887 4027; baseline 0.001 -26"><span class='ocrx_word' id='word_1_501' title='bbox 2341 3924 2410 4001; x_wconf 91' lang='lat' dir='ltr'>ci</span> <span class='ocrx_word' id='word_1_502' title='bbox 2462 3978 2488 4018; x_wconf 89' lang='lat'>‚</span> <span class='ocrx_word' id='word_1_503' title='bbox 2540 3926 2737 4023; x_wconf 92' lang='lat' dir='ltr'>quod</span> <span class='ocrx_word' id='word_1_504' title='bbox 2787 3951 3093 4006; x_wconf 83' lang='lat' dir='ltr'>movens</span> <span class='ocrx_word' id='word_1_505' title='bbox 3144 3927 3216 4005; x_wconf 87' lang='lat' dir='ltr'>se</span> <span class='ocrx_word' id='word_1_506' title='bbox 3268 3925 3505 4027; x_wconf 90' lang='lat' dir='ltr'>ipsum</span> <span class='ocrx_word' id='word_1_507' title='bbox 3558 3980 3586 4021; x_wconf 88' lang='lat'>.,</span> <span class='ocrx_word' id='word_1_508' title='bbox 3641 3940 3887 4003; x_wconf 91' lang='lat' dir='ltr'>totum</span> 
     </span>
     <span class='ocr_line' id='line_1_83' title="bbox 2342 4024 3886 4126; baseline 0.001 -27"><span class='ocrx_word' id='word_1_509' title='bbox 2342 4044 2726 4103; x_wconf 87' lang='lat' dir='ltr'>moveatur</span> <span class='ocrx_word' id='word_1_510' title='bbox 2777 4052 2820 4102; x_wconf 87' lang='lat' dir='ltr'>a</span> <span class='ocrx_word' id='word_1_511' title='bbox 2872 4044 3090 4118; x_wconf 85' lang='lat' dir='ltr'>toto=,</span> <span class='ocrx_word' id='word_1_512' title='bbox 3139 4025 3313 4126; x_wconf 90' lang='lat' dir='ltr'>quia</span> <span class='ocrx_word' id='word_1_513' title='bbox 3364 4024 3459 4104; x_wconf 85' lang='lat' dir='ltr'>fic</span> <span class='ocrx_word' id='word_1_514' title='bbox 3514 4024 3886 4123; x_wconf 56' lang='lat' dir='ltr'>sequerenz</span> 
     </span>
     <span class='ocr_line' id='line_1_84' title="bbox 2344 4124 3895 4223; baseline 0.001 -21"><span class='ocrx_word' id='word_1_515' title='bbox 2344 4142 2462 4202; x_wconf 93' lang='lat' dir='ltr'>tur</span> <span class='ocrx_word' id='word_1_516' title='bbox 2510 4124 2845 4223; x_wconf 85' lang='lat' dir='ltr'>praedicta</span> <span class='ocrx_word' id='word_1_517' title='bbox 2897 4125 3491 4206; x_wconf 89' lang='lat' dir='ltr'>inconvenientia</span> <span class='ocrx_word' id='word_1_518' title='bbox 3535 4179 3562 4221; x_wconf 86' lang='lat'><em>‚</em></span> <span class='ocrx_word' id='word_1_519' title='bbox 3618 4124 3895 4205; x_wconf 78' lang='lat' dir='ltr'>scilicet</span> 
     </span>
     <span class='ocr_line' id='line_1_85' title="bbox 2344 4224 3897 4324; baseline 0.002 -24"><span class='ocrx_word' id='word_1_520' title='bbox 2344 4226 2541 4324; x_wconf 92' lang='lat' dir='ltr'>quod</span> <span class='ocrx_word' id='word_1_521' title='bbox 2593 4224 2853 4322; x_wconf 85' lang='lat' dir='ltr'>aliquis</span> <span class='ocrx_word' id='word_1_522' title='bbox 2906 4227 3116 4303; x_wconf 83' lang='lat' dir='ltr'>simul</span> <span class='ocrx_word' id='word_1_523' title='bbox 3166 4228 3502 4320; x_wconf 82' lang='lat' dir='ltr'>doceret,</span> <span class='ocrx_word' id='word_1_524' title='bbox 3555 4225 3629 4302; x_wconf 90' lang='grc'><strong>8(</strong></span> <span class='ocrx_word' id='word_1_525' title='bbox 3682 4226 3897 4306; x_wconf 88' lang='lat' dir='ltr'>doce·</span> 
     </span>
     <span class='ocr_line' id='line_1_86' title="bbox 2349 4325 3896 4422; baseline 0.003 -21"><span class='ocrx_word' id='word_1_526' title='bbox 2349 4346 2546 4403; x_wconf 88' lang='lat' dir='ltr'>retur</span> <span class='ocrx_word' id='word_1_527' title='bbox 2597 4378 2621 4418; x_wconf 88' lang='lat'>‚</span> <span class='ocrx_word' id='word_1_528' title='bbox 2672 4326 2745 4400; x_wconf 89' lang='grc'><strong>8(</strong></span> <span class='ocrx_word' id='word_1_529' title='bbox 2799 4325 3128 4404; x_wconf 90' lang='lat' dir='ltr'>fimiliter</span> <span class='ocrx_word' id='word_1_530' title='bbox 3157 4327 3258 4405; x_wconf 90' lang='lat' dir='ltr'>-in</span> <span class='ocrx_word' id='word_1_531' title='bbox 3308 4325 3472 4405; x_wconf 88' lang='lat' dir='ltr'>aliis</span> <span class='ocrx_word' id='word_1_532' title='bbox 3524 4327 3896 4422; x_wconf 73' lang='lat' dir='ltr'>motibu83</span> 
     </span>
     <span class='ocr_line' id='line_1_87' title="bbox 2350 4424 3898 4527; baseline 0.001 -26"><span class='ocrx_word' id='word_1_533' title='bbox 2350 4425 2423 4501; x_wconf 85' lang='grc'><strong>8(</strong></span> <span class='ocrx_word' id='word_1_534' title='bbox 2475 4424 2742 4502; x_wconf 87' lang='lat' dir='ltr'>iterum</span> <span class='ocrx_word' id='word_1_535' title='bbox 2791 4429 2985 4525; x_wconf 92' lang='lat' dir='ltr'>quod</span> <span class='ocrx_word' id='word_1_536' title='bbox 3035 4427 3313 4527; x_wconf 87' lang='lat' dir='ltr'>aliquid</span> <span class='ocrx_word' id='word_1_537' title='bbox 3363 4426 3573 4506; x_wconf 88' lang='lat' dir='ltr'>fimul</span> <span class='ocrx_word' id='word_1_538' title='bbox 3611 4429 3780 4505; x_wconf 87' lang='lat' dir='ltr'>esset</span> <span class='ocrx_word' id='word_1_539' title='bbox 3815 4427 3898 4503; x_wconf 89' lang='lat' dir='ltr'>in</span> 
     </span>
     <span class='ocr_line' id='line_1_88' title="bbox 2348 4525 3896 4632; baseline 0.002 -30"><span class='ocrx_word' id='word_1_540' title='bbox 2348 4541 2511 4603; x_wconf 89' lang='lat' dir='ltr'>actu</span> <span class='ocrx_word' id='word_1_541' title='bbox 2564 4572 2587 4606; x_wconf 75' lang='lat'>›</span> <span class='ocrx_word' id='word_1_542' title='bbox 2636 4525 2709 4601; x_wconf 89' lang='grc'><strong>8(</strong></span> <span class='ocrx_word' id='word_1_543' title='bbox 2762 4526 2843 4603; x_wconf 90' lang='lat' dir='ltr'>in</span> <span class='ocrx_word' id='word_1_544' title='bbox 2893 4529 3218 4626; x_wconf 87' lang='lat' dir='ltr'>potentia</span> <span class='ocrx_word' id='word_1_545' title='bbox 3271 4555 3290 4606; x_wconf 92' lang='lat'>:</span> <span class='ocrx_word' id='word_1_546' title='bbox 3346 4553 3520 4606; x_wconf 91' lang='lat' dir='ltr'>nam</span> <span class='ocrx_word' id='word_1_547' title='bbox 3589 4545 3896 4632; x_wconf 72' lang='lat' dir='ltr'>movens</span> 
     </span>
     <span class='ocr_line' id='line_1_89' title="bbox 2353 4625 3900 4725; baseline 0.003 -23"><span class='ocrx_word' id='word_1_548' title='bbox 2353 4625 2787 4725; x_wconf 88' lang='lat' dir='ltr'>inquantum</span> <span class='ocrx_word' id='word_1_549' title='bbox 2839 4626 3246 4722; x_wconf 76' lang='lat' dir='ltr'>hujusmodi</span> <span class='ocrx_word' id='word_1_550' title='bbox 3297 4627 3396 4707; x_wconf 88' lang='lat' dir='ltr'>est</span> <span class='ocrx_word' id='word_1_551' title='bbox 3449 4645 3612 4709; x_wconf 90' lang='lat' dir='ltr'>actu</span> <span class='ocrx_word' id='word_1_552' title='bbox 3663 4682 3691 4723; x_wconf 86' lang='lat'>‚</span> <span class='ocrx_word' id='word_1_553' title='bbox 3741 4652 3900 4706; x_wconf 88' lang='lat' dir='ltr'>mo·</span> 
     </span>
     <span class='ocr_line' id='line_1_90' title="bbox 2352 4728 3899 4829; baseline 0 -26"><span class='ocrx_word' id='word_1_554' title='bbox 2352 4744 2510 4803; x_wconf 88' lang='lat' dir='ltr'>tum</span> <span class='ocrx_word' id='word_1_555' title='bbox 2562 4748 2738 4804; x_wconf 88' lang='lat' dir='ltr'>vero</span> <span class='ocrx_word' id='word_1_556' title='bbox 2788 4728 2871 4806; x_wconf 88' lang='lat' dir='ltr'>in</span> <span class='ocrx_word' id='word_1_557' title='bbox 2903 4731 3262 4829; x_wconf 89' lang='lat' dir='ltr'>potentia.</span> <span class='ocrx_word' id='word_1_558' title='bbox 3287 4729 3764 4829; x_wconf 88' lang='lat' dir='ltr'>Relinquitur</span> <span class='ocrx_word' id='word_1_559' title='bbox 3793 4752 3899 4805; x_wconf 89' lang='lat' dir='ltr'>er·</span> 
     </span>
     <span class='ocr_line' id='line_1_91' title="bbox 2348 4828 3898 4931; baseline 0 -28"><span class='ocrx_word' id='word_1_560' title='bbox 2348 4850 2449 4925; x_wconf 89' lang='lat' dir='ltr'>go</span> <span class='ocrx_word' id='word_1_561' title='bbox 2514 4828 2709 4927; x_wconf 93' lang='lat' dir='ltr'>quod</span> <span class='ocrx_word' id='word_1_562' title='bbox 2778 4855 2925 4907; x_wconf 90' lang='lat' dir='ltr'>una</span> <span class='ocrx_word' id='word_1_563' title='bbox 2995 4857 3155 4931; x_wconf 83' lang='lat' dir='ltr'>pars</span> <span class='ocrx_word' id='word_1_564' title='bbox 3234 4830 3385 4929; x_wconf 80' lang='lat' dir='ltr'>ejus</span> <span class='ocrx_word' id='word_1_565' title='bbox 3437 4830 3544 4908; x_wconf 88' lang='lat' dir='ltr'>est</span> <span class='ocrx_word' id='word_1_566' title='bbox 3591 4851 3898 4907; x_wconf 76' lang='lat' dir='ltr'>movens</span> 
     </span>
     <span class='ocr_line' id='line_1_92' title="bbox 2348 4927 3895 5113; baseline 0.001 -105"><span class='ocrx_word' id='word_1_567' title='bbox 2348 4943 2633 5010; x_wconf 87' lang='lat' dir='ltr'>tanturn</span> <span class='ocrx_word' id='word_1_568' title='bbox 2683 4981 2715 5027; x_wconf 69' lang='lat'><em>2</em></span> <span class='ocrx_word' id='word_1_569' title='bbox 2767 4932 2840 5015; x_wconf 89' lang='grc'><strong>8(</strong></span> <span class='ocrx_word' id='word_1_570' title='bbox 2890 4930 3114 5013; x_wconf 88' lang='lat' dir='ltr'>altera</span> <span class='ocrx_word' id='word_1_571' title='bbox 3164 4946 3371 5113; x_wconf 45' lang='lat' dir='ltr'>neota</span> <span class='ocrx_word' id='word_1_572' title='bbox 3420 4958 3447 5028; x_wconf 78' lang='lat'>3</span> <span class='ocrx_word' id='word_1_573' title='bbox 3495 4931 3573 5010; x_wconf 89' lang='grc'><strong>8(</strong></span> <span class='ocrx_word' id='word_1_574' title='bbox 3624 4927 3895 5111; x_wconf 53' lang='lat' dir='ltr'>sic-ga*</span> 
     </span>
    </p>

    <p class='ocr_par' dir='ltr' id='par_1_10' title="bbox 3739 5048 3881 5108">
     <span class='ocr_line' id='line_1_93' title="bbox 3739 5048 3881 5108; baseline 0 -15"><span class='ocrx_word' id='word_1_575' title='bbox 3739 5087 3756 5098; x_wconf 55' lang='lat'>.,</span> <span class='ocrx_word' id='word_1_576' title='bbox 3812 5048 3881 5108; x_wconf 84' lang='lat' dir='ltr'>e-</span> 
     </span>
    </p>
   </div>
  </div>
 </body>
</html>
