4597 5696
1297 410 3193 511 coNrRAGE·N·1-11.Esr,1n.1.
3769 454 3842 514 73

644 581 775 668 pra
826 563 855 664 (
906 589 1059 664 cap.
1111 559 1362 640 lv111.
1416 563 1445 659 )
1496 560 1860 640 ostensum
1899 562 2054 665 ⁸est.

687 706 692 710 ·
753 694 815 749 2.
873 663 1215 749 Amplius
1250 720 1267 738 .
1342 668 1429 740 In
1506 668 1695 747 Deo.
1733 668 1885 742 non
1956 662 2191 749 potest

660 3962 987 4042 tellectus
1037 3962 1382 4057 dijudicat
1434 3965 1813 4042 hominem
1867 3951 2004 4042 eli'e
2057 3967 2207 4043 ani-

657 4065 807 4141 mal
844 4119 877 4164 ‚p
938 4089 1089 4141 non
1139 4064 1483 4155 dijudicat
1563 4067 2012 4162 triangulum
2068 4069 2206 4143 esse

658 4161 970 4259 figuram
1006 4217 1025 4235 .
1080 4165 1532 4259 Compofitio
1585 4184 1878 4257 autem,
1928 4166 2048 4241 vel
2100 4166 2202 4243 di·

655 4260 841 4436 Elio
876 4313 903 4353 ,
978 4260 1306 4356 operatio
1373 4264 1738 4363 quaedam.
1778 4263 1875 4340 est
1929 4266 2205 4345 intelle-

736 4384 816 4435 us
871 4413 891 4432 .

573 4526 598 4555 ⁴
658 4459 1168 4556 componendo
1220 4462 1370 4550 ,ἃ
1422 4462 1816 4541 dividendo
1867 4518 1893 4560 ‚
1965 4465 2203 4564 seque·

658 4573 777 4636 tur
849 4557 1045 4656 quod
1115 4558 1319 4635 suum
1407 4560 1819 4662 intelligere
1897 4590 2048 4643 non
2117 4566 2204 4644 sit

659 4673 892 4735 unum
943 4673 1278 4749 tantum,
1331 4658 1447 4737 sed
1500 4663 1933 4761 multiplex3
1984 4665 2058 4742 8<
2109 4664 2204 4743 fic
2272 4672 2282 4679 '

656 4758 889 4835 etiam
940 4758 1060 4836 sua
1110 4758 1404 4836 essentia
1456 4784 1603 4836 non
1669 4763 1807 4839 erit
1859 4791 1999 4841 una
2051 4783 2204 4842 tan-

661 4872 878 4950 tum,
928 4862 1099 4935 cum
1152 4856 1271 4935 sua
1319 4859 1647 4958 operatio
1701 4862 2203 4943 intellethialis

661 4955 750 5034 fit
803 4959 924 5034 sna
977 4958 1269 5034 essentia
1319 5014 1346 5052 ‚
1400 4979 1481 5037 ut
1535 4959 1737 5057 supra
1791 4962 1993 5061 (cap.
2013 4964 2208 5062 xlv.)
2309 4967 2487 5044 dum
2529 4962 2623 5043 fit
2674 4963 3073 5042 materialis
3126 5016 3153 5056 ‚
3220 4959 3628 5058 intelligere
3681 4959 3857 5040 vero

707 5098 728 5110 ι
760 5056 1260 5140 s-.Tb.conna
1296 5067 1790 5142 Genuum-I.

961 4356 1040 4434 Si
1092 4360 1316 4455 igitur
1400 4368 1594 4439 Deus
1645 4363 2043 4443 considerat
2094 4390 2205 4443 res
2250 4403 2256 4409 ·

2290 559 2659 640 ostensum
2709 556 2848 638 est.

2395 665 2581 741 Non
2662 678 2910 741 autem
2989 671 3284 760 propter
3353 654 3497 737 hoc
3569 675 3858 759 oportet

2291 787 2426 844 nos
2475 765 2713 843 dicere
2736 817 2764 858 ‚
2843 763 3040 861 quod
3108 758 3626 839 enunciabilia·
3649 760 3859 860 igno-

2296 881 2454 943 rat:
2514 889 2688 942 nam
2741 863 3037 940 essentia
3092 862 3212 939 sua
3265 915 3291 957 ‚
3340 886 3512 938 cum
3567 859 3654 938 fit
3707 888 3855 939 una

2295 964 2370 1041 8<
2442 962 2741 1063 simplex
2786 1022 2813 1062 ,
2881 961 3249 1060 exemplar
3342 958 3443 1037 est
3508 962 3889 1042 omnium·

2297 1063 2824 1164 multiplicium
2874 1117 2902 1158 ‚
2952 1063 3026 1140 8<
3077 1061 3648 1161 compofitorum
3700 1091 3725 1156 ς
3776 1065 3854 1141 8<

2290 1167 2386 1245 fic
2439 1167 2567 1265 'per
2644 1167 2874 1266 ipsam
2958 1167 3158 1241 Deus
3208 1162 3548 1241 omnium
3600 1163 3857 1240 multi-

2292 1268 2627 1346 tudinem
2660 1321 2688 1363 ,
2737 1268 2811 1345 8<
2861 1262 3469 1363 compositionem
3521 1280 3674 1340 tam
3726 1288 3854 1341 na-

2305 1386 2480 1447 turae
2532 1421 2560 1461 ,
2613 1392 2835 1466 quam
2888 1363 3191 1444 rationis
3242 1362 3652 1461 cognoscit.

2410 1468 2551 1547 His
2602 1486 2848 1547 autem
2916 1466 3124 1545 sacrae
3179 1464 3560 1564 Scripturae
3614 1462 3866 1543 austo-

2308 1570 2482 1648 ritas
2531 1569 2912 1680 consonat:
2956 1565 3235 1678 dicitur
3283 1563 3489 1642 enim
3545 1561 3738 1661 Isajae
3758 1565 3861 1643 lv.

2316 1678 2382 1747 8.
2438 1680 2606 1746 Non
2658 1696 2856 1748 emm
2911 1686 3383 1764 cogitationes
3452 1692 3625 1742 meae
3677 1665 3868 1761 cogi-

2305 1770 2621 1850 tationes
2690 1763 2951 1868 vestrae
2995 1793 3011 1836 ε
3087 1763 3160 1840 8<
3215 1779 3467 1841 tamen
3546 1762 3627 1838 in
3677 1764 3859 1842 Psal.

2307 1894 2569 1948 xC111.
2633 1894 2742 1946 11.
2796 1865 3095 1944 dicitur:
3155 1862 3519 1942 Dominus
3552 1861 3711 1954 scit
3761 1892 3870 1942 co-

2305 1969 2707 2069 gitationes
2735 1964 3159 2045 hominumz„
3200 1989 3378 2062 quas
3409 1963 3685 2042 constat
3735 1990 3867 2065 per

2214 2144 2215 2147 i
2314 2068 2915 2169 compositionem
2966 2119 2994 2161 ‚
3043 2065 3119 2142 8<
3170 2063 3602 2141 divisionem
3655 2066 3867 2144 intel*

2312 2167 2540 2247 leaus
2590 2169 2975 2268 procedere
2998 2221 3017 2239 .
3073 2161 3465 2264 Dionysius
3502 2165 3726 2241 etiam
3760 2167 3869 2244 di-

2314 2270 2432 2347 cit
2468 2295 2641 2347 v11.
2695 2291 2850 2379 cap.
2905 2267 2993 2343 de
3046 2264 3194 2344 div.
3251 2264 3562 2341 Nomin.
3616 2271 3660 2341 1
3711 2265 3869 2345 itur

2312 2369 2586 2446 divina
2617 2366 3000 2467 sapientia
3029 2364 3123 2461 se
3155 2361 3388 2464 ipsam
3417 2294 3859 2464 cognosgcens,

2311 2465 2666 2566 cognoscit
2719 2467 2965 2544 omnia
3019 2517 3047 2559 ‚
3094 2465 3191 2542 Φ*
3245 2464 3671 2543 materialia
3725 2465 3863 2543 im-

2311 2566 2804 2646 materialiter
2851 2618 2880 2661 ,
2944 2566 3042 2643 (9·
3120 2562 3689 2662 indivisibiliter
3754 2559 3868 2644 di-

2310 2665 2647 2769 visibilia
2695 2721 2723 2762 ,
2771 2667 2871 2744 Φ·
2924 2663 3166 2741 multa
3217 2660 3558 2742 unitivo.

2634 2793 3573 2878 CAPUT-mx.

2344 2946 2518 3033 ‚Quod
2567 2969 2608 3007 a
2639 2948 2758 3009 Deo
2795 2942 3272 3085 non’522o5qflitur.
3291 2945 3798 3016 ven'mmnumiaer

3017 3051 3038 3086 ι
3064 3045 3186 3086 tum
3201 3066 3222 3089 .

2452 3150 2506 3208 1.
2552 3148 2715 3238 Part.
2756 3145 2940 3238 quaest.
2987 3124 3215 3207 xxxvi.
3281 3161 3391 3219 art.
3436 3160 3493 3221 ς.
3540 3144 3620 3206 ad
3663 3164 3720 3210 1.

2475 3269 2542 3344 X
2598 3267 2739 3345 hoc
2789 3278 3036 3342 autem
3088 3290 3130 3341 a
3181 3279 3384 3364 paret
3432 3262 3628 3363 quod
3679 3262 3854 3342 licet

2523 3363 2760 3440 divini
2833 3363 3086 3439 intelle
3161 3389 3244 3441 us
3304 3362 3635 3458 cognitio
3699 3387 3859 3440 non

2313 3465 2383 3539 se
2437 3464 2702 3539 habeat
2751 3465 2839 3539 ad
2866 3462 3166 3538 modum
3204 3458 3612 3538 intellecius
3663 3483 3863 3535 com·
3927 3469 3937 3485 ’

2309 3562 2645 3662 ponentis
2673 3583 2722 3656 ·‚
2770 3562 2844 3638 8<
2896 3559 3285 3638 dividentis
3333 3613 3361 3655 ‚
3411 3578 3863 3636 nontamen

2309 3661 2712 3743 excluditur
2760 3663 2856 3739 ab
2907 3685 3001 3737 eo
3045 3659 3357 3753 veritas,
3405 3683 3563 3757 quae
3619 3659 3884 3736 secun·-

2314 3766 2490 3842 dum
2545 3761 3065 3862 Philosophum
3115 3760 3143 3858 (
3169 3763 3303 3838 VI.
3328 3761 3662 3858 Metaph.
3686 3774 3858 3838 text.

2313 3888 2584 3941 comm.
2637 3862 2914 3958 v111.)
2984 3859 3216 3939 solum
3265 3859 3460 3939 circa
3509 3857 3863 3958 composi·

2313 3965 2590 4042 tionem
2614 4018 2641 4057 ‚
2691 3964 2765 4041 &
2816 3960 3246 4041 divisionem
3296 3957 3705 4037 intellefflus
3731 3958 3851 4035 est.

2419 4091 2481 4141 ι.
2534 4067 2728 4140 Cum
2781 4061 2983 4139 enim
3036 4062 3301 4139 veritas
3337 4059 3746 4141 intellefius
3767 4058 3853 4137 fit

2308 4163 2710 4263 adaequatio
2763 4160 3170 4240 intelleRus
3237 4161 3311 4238 8<
3363 4159 3533 4255 rei,
3615 4158 3854 4237 secun-

2304 4264 2483 4339 dum
2536 4265 2731 4362 quod
2784 4260 3192 4340 intellectus
3244 4260 3423 4339 dicit
3465 4262 3601 4336 esse
3655 4260 3853 4360 quod

2307 4362 2407 4438 est
2459 4416 2484 4455 ‚
2538 4363 2655 4440 vel
2713 4388 2859 4439 non
2912 4364 3049 4438 esse
3103 4363 3499 4459 quodnon
3552 4360 3647 4436 est
3690 4392 3713 4454 ς
3752 4361 3856 4437 vad

2307 4464 2383 4539 id
2438 4465 2512 4540 in
2570 4461 2941 4541 intelleclu
2996 4463 3261 4539 veritas
3295 4461 3611 4560 pertinet
3663 4461 3857 4561 quod

2308 4562 2716 4641 intellefflus
2768 4563 2994 4654 dicit,
3048 4588 3196 4640 non
3236 4565 3324 4638 ad
3355 4564 3855 4661 operationem

2305 4687 2449 4762 qua
2502 4663 2578 4740 id
2628 4662 2841 4762 dicit:
2900 4689 3046 4738 non
3091 4664 3290 4742 enim
3345 4666 3432 4739 ad
3466 4663 3856 4738 veritatem

2303 4759 2712 4841 intelleffius
2781 4762 3129 4860 exigitur-
3168 4782 3249 4839 ut
3301 4764 3532 4860 ipsum
3591 4758 3858 4862 intelli·

2303 4888 2476 4962 gere
2528 4863 2632 4939 rei
2685 4864 3094 4962 adaequetur
3137 4915 3165 4955 ‚
3232 4887 3403 4939 cum
3474 4885 3582 4937 res
3636 4860 3853 4956 inger·

3225 5060 3305 5137 K
3709 5051 3852 5150 im-
