4597 5696
1357 310 1942 401 con-rna
2032 313 2771 386 GENT1LES
2857 318 3109 390 ιιΒ.
3196 320 3288 390 11.
3811 323 3927 403 ,ογ

699 428 973 513 ὶεᾶιιπι
1017 487 1044 529 ,
1126 433 1200 513 8(
1268 431 1739 510 voluntatem
1778 483 1796 499 .
1898 420 2256 521 Oportuit
2362 442 2505 503 tet.
2561 424 2997 504 Similitudo
3049 443 3302 505 autem
3357 423 3580 504 unius
3631 422 3923 505 inveni-

696 534 931 635 igitur
1004 534 1287 634 aliquas
1358 551 1717 612 creaturas
1790 528 1928 606 ess'e
1984 525 2255 614 intelli-
2365 529 2615 604 turin
2670 528 2901 606 altero
2973 528 3407 628 dupliciter:
3485 552 3637 604 uno
3691 529 3922 609 modo

690 653 954 739 gentes
990 692 1017 733 ‚
1065 636 1138 714 δ(
1194 634 1524 713 volentes
1557 691 1575 710 .
1906 654 1917 666 ·
2133 639 2136 650 ⁴
2362 649 2728 728 quantum
2781 631 2868 708 ad
2924 633 3061 709 effe
3115 649 3437 726 natum,
3490 628 3672 708 ficut
3726 629 3917 710 ssmi-

796 765 868 837 4.
945 738 1296 838 Amplius
1346 794 1363 813 .
1443 733 1886 820 Similitudo
1957 725 2255 807 effecius
2365 730 2604 810 litudo
2657 732 2924 836 caloris
2992 732 3186 833 ignis
3239 732 3337 814 est
3391 734 3472 810 in
3521 755 3600 811 re
3652 731 3914 824 calefar

691 841 786 921 ad
836 840 1127 921 causam
1180 857 1524 939 agentem
1555 834 1959 917 attenditur
2011 830 2256 907 secun·
2359 830 2479 911 &a
2535 858 2660 933 per
2695 836 2997 934 ignem3
3047 836 3203 915 alio
3240 835 3466 915 modo
3501 835 3908 919 secundum

690 943 872 1021 dum
929 940 1245 1027 formam
1285 938 1633 1034 effeaus,
1686 936 1818 1037 qui
1862 930 2250 1033 praeexistit
2359 936 3112 1035 cognitionem,ficut
3142 935 3553 1022 fimilitudo
3590 937 3786 1040 ignis
3819 941 3921 1020 est

697 1043 782 1122 in
832 1064 1098 1143 agente
1145 1069 1162 1118 ε
1247 1066 1472 1145 agens
1522 1039 1730 1118 enim
1781 1036 1939 1137 agit
1992 1032 2125 1112 fibi
2182 1032 2259 1111 fi·
2363 1036 2446 1116 in
2515 1039 2730 1136 visu,
2799 1039 2920 1117 vel
2992 1037 3192 1121 taelu
3225 1098 3243 1116 .
3319 1040 3442 1119 Ad
3495 1043 3637 1123 hoc
3687 1043 3924 1142 igitur

697 1145 878 1224 mile
935 1146 1013 1225 in
1068 1143 1309 1224 forma
1345 1142 1737 1224 secundum
1767 1163 1992 1241 quam
2046 1136 2256 1236 agit.
2362 1134 2567 1240 quod
2636 1140 3046 1224 similitudo
3122 1142 3268 1226 Dei
3341 1141 3663 1240 persone
3742 1148 3918 1226 effet

696 1250 976 1327 Forma
1026 1265 1279 1327 autem
1335 1243 1630 1347 agentis
1696 1240 2048 1342 recipitur
2098 1238 2258 1339 qui·
2359 1240 2442 1319 in
2495 1243 2707 1321 rebus
2744 1242 2991 1321 modis
3020 1242 3526 1344 possibilibus‚
3570 1246 3917 1346 oportuit

690 1348 862 1428 dem
926 1349 1009 1438 in
1061 1347 1322 1427 effectu
1366 1348 1808 1449 quandoque
1857 1339 2257 1422 secundum

696 1449 1046 1530 eumdem
1099 1452 1409 1528 modum
1487 1446 1761 1528 ess‘endi
1817 1469 1971 1546 quo
2022 1438 2119 1522 est
2173 1442 2254 1521 in

692 1571 958 1653 agente
999 1609 1024 1647 ‚
1100 1550 1280 1631 sicut
1351 1551 1591 1632 forma
1672 1546 1868 1648 ignis
1924 1546 2254 1644 generati

579 1699 583 1702 ·
695 1657 1050 1734 eumdem
1105 1653 1370 1733 essendi
1443 1655 1663 1733 habet
1717 1648 2026 1728 modum
2079 1671 2253 1726 cum

697 1755 940 1834 forma
1047 1755 1246 1855 ignis
1346 1752 1828 1853 generantis3
1932 1746 2258 1847 quando·

689 1883 842 1958 que
897 1884 1072 1937 vero
1178 1857 1572 1934 secundum
1646 1852 1887 1933 alium
1943 1850 2252 1929 modurn

686 1961 961 2039 effe-ndi
1003 2014 1027 2049 ,
1080 1956 1257 2037 ficut
1314 1956 1559 2034 forma
1610 1956 2091 2052 domusquae
2144 1949 2247 2029 est

691 2060 1280 2159 intelligibiliter
1305 2060 1384 2137 in
1436 2073 1688 2136 mente
1742 2052 2093 2148 artificis,
2144 2077 2251 2140 re<

685 2163 965 2259 cipitur
1039 2159 1527 2240 materialiter
1582 2157 1683 2236 :in
1732 2156 2014 2248 domo,
2083 2177 2291 2258 quat,

687 2262 787 2343 est
842 2281 1052 2344 extra
1109 2263 1483 2340 animam.
1542 2263 1753 2338 Patet
1792 2256 2043 2353 >igitur
2093 2278 2248 2352 per·

681 2362 1062 2446 seniorem
1129 2367 1268 2443 ess'e
1313 2361 1629 2460 primam
1686 2355 2246 2436 fimilitudinem

677 2488 908 2565 quam
985 2465 1369 2546 secundam
1410 2519 1433 2538 .
1529 2457 1895 2540 Perfefflo
1984 2477 2242 2538 autem

672 2567 1157 2646 universitatis
1209 2582 1721 2647 creaturarum
1773 2557 2113 2640 consistit
2155 2558 2238 2636 in
2280 2569 2281 2572 ‘

672 2665 1160 2752 similitudine
1228 2667 1320 2746 ad
1398 2671 1646 2744 Deum
1683 2716 1710 2754 ‚
1774 2660 1958 2742 ‘ficut
2011 2658 2242 2771 etiam

673 2767 1036 2864 perfeclio
1087 2765 1486 2865 cujuslibet
1537 2759 1843 2846 effeaus
1898 2760 1974 2838 in
2000 2757 2245 2868 siaul}-

677 2868 937 2951 tudine
990 2869 1081 2951 ad
1137 2868 1431 2949 causam
1500 2878 1850 2962 agentem
1884 2918 1908 2937 .
1967 2864 2239 2973 Requi·

678 2968 781 3047 rit
837 2969 1067 3070 igitur
1142 2969 1432 3047 summa
1500 2958 2238 3077 universi-perfectio

678 3095 837 3149 non
891 3071 1130 3149 solum
1186 3066 1581 3149 secundam
1633 3064 2238 3179 affimilationem

681 3189 1033 3253 creaturae
1085 3170 1181 3250 ad
1253 3174 1559 3263 Deum3
1633 3168 1750 3282 sed
1816 3165 2048 3248 etiam
2102 3189 2238 3262 prx-

682 3298 953 3365 mamz,
1000 3288 1367 3373 quantum
1441 3268 1770 3368 poffibile
1822 3266 1922 3348 est
1967 3323 1992 3381 .·
2066 3268 2247 3345 For·

683 3397 814 3452 ma
866 3392 1118 3457 autem
1212 3400 1291 3452 er
1313 3395 1554 3472 quam
1612 3373 1815 3450 Deus
1869 3382 2024 3466 agit
2054 3389 2247 3443 crea·

680 3492 930 3566 turam
984 3529 1013 3572 ‚
1097 3398 1206 3555 ele
1273 3472 1512 3552 forma
1585 3467 2091 3568 intelligibilis
2159 3465 2244 3546 in

684 3573 895 3676 ipso:
949 3576 1050 3657 est
1101 3577 1305 3657 enim
1338 3595 1713 3675 agensper
1745 3566 2248 3664 intelleAElurm

683 3694 773 3757 ut
842 3677 1054 3777 supra
1124 3681 1369 3794 (ca-p.
1442 3672 1800 3771 χχιιι.)
1873 3669 2241 3753 ostensum

2356 1344 2560 1444 quod
2611 1344 2870 1426 divina
2923 1345 3218 1428 bonitas
3268 1346 3488 1426 rebus
3540 1371 3669 1448 per
3720 1346 3917 1426 simi·

2357 1445 2754 1530 litudiner'n
2826 1446 3511 1530 communicaretur
3579 1475 3731 1532 non
3801 1450 3912 1530 so-

2355 1550 2515 1632 lum
2587 1551 2666 1630 in
2741 1549 3036 1628 essendo
3077 1604 3108 1646 ‚
3171 1549 3292 1628 sed
3367 1549 3597 1632 etiam
3653 1551 3731 1630 in
3784 1579 3908 1631 co-

2358 1650 2818 1751 gnoscendo.
2873 1650 3337 1750 Cognoscere
3407 1668 3662 1730 autem
3715 1654 3907 1733 divi·

2355 1779 2531 1832 nam
2583 1752 3001 1832 bonitatem
3052 1752 3248 1831 solus
3303 1751 3722 1832 intellectus
3777 1780 3906 1853 po-

2356 1852 2541 1932 test.
2618 1854 2981 1952 Oportuit
3049 1853 3279 1956 igitur
3348 1856 3489 1932 effe
3540 1873 3912 1939 creaturas

2357 1952 2889 2034 intelleRuales
2919 2011 2942 2048 ‚-

2443 2061 2527 2134 -6,
2585 2056 2856 2135 Adhuc
2891 2112 2917 2134 ,
2993 2060 3082 2135 In
3152 2056 3511 2138 omnibus
3563 2058 3917 2140 decenter

2350 2156 2716 2237 ordinatis
2794 2156 3158 2236 habitudo
3250 2159 3744 2239 secundorum
3812 2160 3910 2244 ad

2347 2258 2618 2342 ultima
2670 2257 3017 2338 imitatur
3088 2258 3613 2341 habitudinem
3667 2261 3903 2363 primi

2349 2361 2441 2440 ad
2493 2358 2752 2438 omnia
2805 2359 3119 2441 secunda
3153 2416 3180 2458 ‚
3229 2362 3307 2441 8<
3361 2363 3679 2460 ultima,
3730 2364 3910 2447 licet

2347 2463 2798 2560 quandoque
2841 2460 3316 2542 deficienter.
3374 2464 3764 2544 ostensum
3803 2464 3910 2550 est

2346 2583 2598 2642 autem
2667 2565 2695 2660 (
2757 2567 2812 2641 Ι.
2867 2564 3035 2643 Lib.
3103 2589 3259 2662 cap.
3331 2589 3502 2643 xxv.
3555 2590 3778 2643 xxxx.
3831 2568 3908 2649 3<

2348 2665 2498 2740 lrv.
2553 2663 2580 2759 )
2630 2663 2832 2759 quod
2887 2668 3093 2742 Deus
3148 2663 3229 2741 in
3279 2664 3351 2743 se
3396 2690 3656 2745 omnes
3705 2692 3908 2748 crea-

2350 2779 2551 2844 turas
2604 2762 3171 2862 comprehendit
3210 2820 3237 2862 ‚
3302 2765 3377 2846 8(
3454 2764 3604 2846 hoe
3657 2792 3910 2870 reprae-

2345 2863 2669 2945 sentatur
2740 2862 2822 2945 in
2890 2865 3401 2967 corporalibus
3471 2872 3825 2951 creaturis
3872 2926 3907 2971 ,

2342 2964 2521 3046 licet
2576 2990 2704 3065 per
2755 2965 2992 3047 alium
3045 2970 3358 3050 modum
3400 2999 3418 3046 ε
3494 2970 3781 3076 sempe-r
3832 2999 3904 3052 e·

2344 3068 2506 3149 nim
2559 3068 2942 3153 invenitur
2989 3069 3324 3171 superius
3374 3097 3644 3174 corpus
3695 3100 3905 3155 com-

2344 3170 2805 3271 prehendens
2843 3225 2870 3269 ,
2936 3171 3012 3257 8<
3061 3174 3457 3261 continens
3510 3172 3824 3257 inferius
3873 3232 3908 3276 ‚

2348 3290 2600 3351 tamen
2657 3271 3062 3353 secundum
3111 3275 3617 3357 extensionem
3668 3301 3902 3376 quan-

2348 3372 2587 3451 titatis
2621 3400 2654 3469 ‚·
2706 3397 2944 3470 quum
3019 3378 3226 3454 Deus
3296 3401 3561 3456 omnes
3612 3394 3901 3459 creatu·

2349 3497 2462 3551 ras
2515 3471 2833 3571 fimplici
2913 3476 3140 3557 modo
3172 3528 3201 3572 ,
3270 3476 3348 3557 &
3399 3502 3557 3555 non
3662 3476 3901 3559 uanti·

2343 3572 2525 3655 tatia
2579 3571 2999 3655 extenssone
3065 3575 3447 3657 contineat
3492 3633 3514 3655 .
3669 3596 3704 3660 t
3756 3579 3899 3695 igi-

2343 3693 2470 3761 tur
2540 3701 2679 3756 nec
2750 3675 2833 3756 in
2883 3676 3028 3758 h'oe
3105 3679 3335 3761 modo
3382 3681 3815 3761 continendi
3868 3737 3900 3781 ‚

679 3776 781 3856 est
819 3835 837 3855 .
894 3782 1223 3879 Oportet
1277 3778 1512 3879 igitur
1542 3775 1638 3855 ad
1687 3772 2054 3888 summam
2085 3794 2241 3871 per·
2346 3774 2496 3857 Dei
2550 3776 2889 3860 imitatio
2941 3780 3294 3861 creaturis
3328 3780 3636 3879 deess'et3
3685 3778 3894 3865 faci&

668 3876 1079 3961 stelionem
1136 3878 1455 3960 universi
1509 3879 1651 3957 effe
1702 3876 1988 3974 aliquas
2025 3898 2241 3989 ‚creas-
2336 3881 2508 3959 sunt
2593 3897 2942 3969 creatura
3041 3879 3586 3967 inteneauales
3624 3939 3652 3981 ‚
3730 3911 3896 3987 quae

671 3995 874 4062 taras
929 3981 1011 4060 in
1066 3982 1338 4082 quibus
1379 3978 1781 4059 secundum
1828 3977 1969 4056 esse
2022 3975 2235 4055 intel·
2340 3998 2709 4067 creaturas
2744 3986 3160 4084 corporales
3196 3984 3896 4076 continerentmon

670 4078 969 4180 ligibile
1021 4080 1264 4162 forma
1333 4078 1575 4160 divini
1608 4074 2055 4159 „inteneaus
2108 4102 2235 4157 ex·
2331 4081 2744 4165 extensione
2799 4086 3239 4185 quantitatis
3274 4138 3304 4183 ‚
3372 4085 3492 4164 sed
3544 4085 3906 4185 fimplici*

723 4183 1034 4262 rimatur
1074 4237 1099 4278 ‚
1167 4183 1243 4263 8<
1295 4181 1440 4263 hoc
1511 4179 1611 4258 est
1662 4183 1801 4260 esse
1852 4196 2230 4259 creaturas

692 4306 777 4362 ec
786 4283 1064 4362 undum
1082 4284 1123 4361 s
1116 4308 1284 4362 uam
1305 4299 1646 4363 naturam
1663 4278 2225 4362 intellec’males.

772 4407 838 4480 ς.
895 4388 1086 4464 Item
1128 4440 1149 4460 .
1223 4384 1346 4465 Ad
1416 4381 1978 4482 produaionem
2027 4408 2224 4462 crea·

2327 4203 2444 4469 {r
2580 4283 3075 4389 intelligitur,
3121 4289 3225 4371 est
3277 4289 3356 4369 in
3388 4286 3886 4391 intelligente,

2546 4208 2627 4262 er
2678 4186 2990 4264 modum
3043 4185 3651 4286 intelligibilem:
3707 4214 3888 4268 nam

2460 4387 2622 4468 eius
2676 4384 3168 4475 intellefiluali
3206 4390 3644 4494 operatione
3681 4417 3887 4475 com·
4027 4432 4034 4439 ·

668 4495 1009 4563 turarum
1082 4485 1280 4565 nihil
1341 4486 1551 4565 aliud
1629 4501 1888 4564 movet
1980 4489 2237 4573 Deum.
2334 4488 2866 4590 prehenditur.

658 4583 793 4663 nifi
851 4583 973 4668 sua
1028 4586 1324 4671 bonitas
1376 4641 1403 4683 ‚
1472 4611 1703 4688 quam
1788 4585 2011 4666 rebus
2060 4586 2237 4665 aliis

658 4688 1220 4768 communicare
1275 4687 1567 4783 voluit,
1621 4684 2020 4766 secundum
2063 4710 2220 4764 mo·

662 4786 847 4867 dum
899 4788 1443 4873 affimilationis
1493 4788 1857 4888 adipsum
1900 4841 1928 4885 ‚
1984 4803 2065 4869 ut
2117 4812 2210 4869 ex

655 4887 875 4981 dinis
945 4893 976 4994 (
1028 4892 1198 4978 Lib.
1254 4896 1313 4976 1.
1365 4915 1523 4994 cap.
1594 4890 1954 4974 lxxxvn.
2004 4888 2041 4991 )
2086 4911 2215 4993 pa·

3693 5004 3881 5085 CA·
