<?xml version="1.0" encoding="UTF-8"?>
<!DOCTYPE html PUBLIC "-//W3C//DTD XHTML 1.0 Transitional//EN"
    "http://www.w3.org/TR/xhtml1/DTD/xhtml1-transitional.dtd">
<html xmlns="http://www.w3.org/1999/xhtml" xml:lang="en" lang="en">
 <head>
  <title>
</title>
<meta http-equiv="Content-Type" content="text/html;charset=utf-8" />
  <meta name='ocr-system' content='tesseract 3.04.00' />
  <meta name='ocr-capabilities' content='ocr_page ocr_carea ocr_par ocr_line ocrx_word'/>
</head>
<body>
  <div class='ocr_page' id='page_1' title='image "./summacontragent00aqugoog_0032.png"; bbox 0 0 4597 5696; ppageno 0'>
   <div class='ocr_carea' id='block_1_1' title="bbox 790 433 3317 503">
    <p class='ocr_par' dir='ltr' id='par_1_1' title="bbox 790 430 3317 503">
     <span class='ocr_line' id='line_1_1' title="bbox 790 433 3317 503; baseline 0.004 -10"><span class='ocrx_word' id='word_1_1' title='bbox 790 451 1057 500; x_wconf 68' lang='lat' dir='ltr'>‚xxvux</span> <span class='ocrx_word' id='word_1_2' title='bbox 1640 433 2669 500; x_wconf 71' lang='lat' dir='ltr'>DtssERTATlo</span> <span class='ocrx_word' id='word_1_3' title='bbox 2756 437 3317 503; x_wconf 65' lang='lat' dir='ltr'>1²1³AEle</span> 
     </span>
    </p>
   </div>
   <div class='ocr_carea' id='block_1_2' title="bbox 791 545 4098 5206">
    <p class='ocr_par' dir='ltr' id='par_1_2' title="bbox 791 545 4098 5206">
     <span class='ocr_line' id='line_1_2' title="bbox 814 545 3997 648; baseline 0.002 -27"><span class='ocrx_word' id='word_1_4' title='bbox 814 548 1195 642; x_wconf 82' lang='lat' dir='ltr'>veritates,</span> <span class='ocrx_word' id='word_1_5' title='bbox 1246 547 1610 627; x_wconf 89' lang='lat' dir='ltr'>erroribus</span> <span class='ocrx_word' id='word_1_6' title='bbox 1666 547 2130 645; x_wconf 84' lang='lat' dir='ltr'>putidiffimis</span> <span class='ocrx_word' id='word_1_7' title='bbox 2185 547 2545 626; x_wconf 75' lang='lat' dir='ltr'>immixta:</span> <span class='ocrx_word' id='word_1_8' title='bbox 2598 565 3136 648; x_wconf 89' lang='lat' dir='ltr'>proponuntur.</span> <span class='ocrx_word' id='word_1_9' title='bbox 3191 551 3500 626; x_wconf 88' lang='lat' dir='ltr'>Summa</span> <span class='ocrx_word' id='word_1_10' title='bbox 3551 545 3840 645; x_wconf 72' lang='lat' dir='ltr'>huiusce</span> <span class='ocrx_word' id='word_1_11' title='bbox 3889 547 3997 626; x_wconf 88' lang='lat' dir='ltr'>rei</span> 
     </span>
     <span class='ocr_line' id='line_1_3' title="bbox 808 649 3997 751; baseline 0 -25"><span class='ocrx_word' id='word_1_12' title='bbox 808 650 1071 745; x_wconf 73' lang='lat' dir='ltr'>Capita</span> <span class='ocrx_word' id='word_1_13' title='bbox 1125 651 1397 747; x_wconf 88' lang='lat' dir='ltr'>innuo,</span> <span class='ocrx_word' id='word_1_14' title='bbox 1449 677 1606 751; x_wconf 80' lang='lat' dir='ltr'>quae</span> <span class='ocrx_word' id='word_1_15' title='bbox 1663 650 1810 750; x_wconf 89' lang='lat' dir='ltr'>ipse</span> <span class='ocrx_word' id='word_1_16' title='bbox 1866 651 2200 729; x_wconf 83' lang='lat' dir='ltr'>Thomas</span> <span class='ocrx_word' id='word_1_17' title='bbox 2257 650 2334 726; x_wconf 91' lang='lat' dir='ltr'>in</span> <span class='ocrx_word' id='word_1_18' title='bbox 2390 652 2701 749; x_wconf 78' lang='lat' dir='ltr'>Operis,</span> <span class='ocrx_word' id='word_1_19' title='bbox 2753 676 2903 748; x_wconf 93' lang='lat' dir='ltr'>quo</span> <span class='ocrx_word' id='word_1_20' title='bbox 2954 649 3044 726; x_wconf 89' lang='lat' dir='ltr'>de</span> <span class='ocrx_word' id='word_1_21' title='bbox 3097 649 3427 747; x_wconf 81' lang='lat' dir='ltr'>agimus,</span> <span class='ocrx_word' id='word_1_22' title='bbox 3478 649 3772 729; x_wconf 83' lang='lat' dir='ltr'>decursu</span> <span class='ocrx_word' id='word_1_23' title='bbox 3825 650 3997 727; x_wconf 83' lang='lat' dir='ltr'>ube-</span> 
     </span>
     <span class='ocr_line' id='line_1_4' title="bbox 810 750 3218 852; baseline -0 -26"><span class='ocrx_word' id='word_1_24' title='bbox 810 750 960 827; x_wconf 84' lang='lat' dir='ltr'>rius</span> <span class='ocrx_word' id='word_1_25' title='bbox 1016 751 1448 851; x_wconf 65' lang='lat' dir='ltr'>pertrac&#39;tat3</span> <span class='ocrx_word' id='word_1_26' title='bbox 1502 754 1958 852; x_wconf 79' lang='lat' dir='ltr'>eademque,</span> <span class='ocrx_word' id='word_1_27' title='bbox 2012 778 2160 831; x_wconf 92' lang='lat' dir='ltr'>non</span> <span class='ocrx_word' id='word_1_28' title='bbox 2214 752 2409 848; x_wconf 86' lang='lat' dir='ltr'>alia,</span> <span class='ocrx_word' id='word_1_29' title='bbox 2460 752 2996 851; x_wconf 88' lang='lat' dir='ltr'>amplificarunt</span> <span class='ocrx_word' id='word_1_30' title='bbox 3048 750 3218 828; x_wconf 85' lang='lat' dir='ltr'>alii.</span> 
     </span>
     <span class='ocr_line' id='line_1_5' title="bbox 818 853 4000 957; baseline 0 -29"><span class='ocrx_word' id='word_1_31' title='bbox 818 903 823 909; x_wconf 87' lang='lat'>-</span> <span class='ocrx_word' id='word_1_32' title='bbox 932 879 990 948; x_wconf 79' lang='lat'>5.</span> <span class='ocrx_word' id='word_1_33' title='bbox 1051 854 1409 957; x_wconf 85' lang='lat' dir='ltr'>Mysteria</span> <span class='ocrx_word' id='word_1_34' title='bbox 1464 854 1637 931; x_wconf 90' lang='lat' dir='ltr'>fidei</span> <span class='ocrx_word' id='word_1_35' title='bbox 1692 855 2095 933; x_wconf 80' lang='lat' dir='ltr'>christianae</span> <span class='ocrx_word' id='word_1_36' title='bbox 2154 879 2478 953; x_wconf 86' lang='lat' dir='ltr'>pugnare</span> <span class='ocrx_word' id='word_1_37' title='bbox 2530 872 2786 933; x_wconf 89' lang='lat' dir='ltr'>contra</span> <span class='ocrx_word' id='word_1_38' title='bbox 2859 855 3220 931; x_wconf 86' lang='lat' dir='ltr'>rationem</span> <span class='ocrx_word' id='word_1_39' title='bbox 3261 907 3294 948; x_wconf 84' lang='lat'>,</span> <span class='ocrx_word' id='word_1_40' title='bbox 3355 853 3808 931; x_wconf 88' lang='lat' dir='ltr'>contendunt</span> <span class='ocrx_word' id='word_1_41' title='bbox 3874 877 4000 951; x_wconf 87' lang='lat' dir='ltr'>po-</span> 
     </span>
     <span class='ocr_line' id='line_1_6' title="bbox 815 950 4004 1055; baseline 0.001 -27"><span class='ocrx_word' id='word_1_42' title='bbox 815 950 1082 1032; x_wconf 76' lang='lat' dir='ltr'>stremo</span> <span class='ocrx_word' id='word_1_43' title='bbox 1141 957 1553 1055; x_wconf 83' lang='lat' dir='ltr'>Religionis</span> <span class='ocrx_word' id='word_1_44' title='bbox 1607 958 1941 1036; x_wconf 66' lang='lat' dir='ltr'>revelatae</span> <span class='ocrx_word' id='word_1_45' title='bbox 1995 955 2281 1051; x_wconf 87' lang='lat' dir='ltr'>hostes,</span> <span class='ocrx_word' id='word_1_46' title='bbox 2330 955 2644 1034; x_wconf 87' lang='lat' dir='ltr'>minime</span> <span class='ocrx_word' id='word_1_47' title='bbox 2699 955 2962 1033; x_wconf 90' lang='lat' dir='ltr'>abnuit</span> <span class='ocrx_word' id='word_1_48' title='bbox 3015 958 3268 1032; x_wconf 89' lang='lat' dir='ltr'>Petrus</span> <span class='ocrx_word' id='word_1_49' title='bbox 3319 955 3617 1033; x_wconf 80' lang='lat' dir='ltr'>Baelius.</span> <span class='ocrx_word' id='word_1_50' title='bbox 3678 953 4004 1052; x_wconf 81' lang='lat' dir='ltr'>Impium</span> 
     </span>
     <span class='ocr_line' id='line_1_7' title="bbox 814 1054 4003 1161; baseline -0.001 -29"><span class='ocrx_word' id='word_1_51' title='bbox 814 1054 1119 1133; x_wconf 85' lang='lat' dir='ltr'>illorum</span> <span class='ocrx_word' id='word_1_52' title='bbox 1173 1058 1560 1141; x_wconf 83' lang='lat' dir='ltr'>confilium</span> <span class='ocrx_word' id='word_1_53' title='bbox 1610 1058 1763 1155; x_wconf 84' lang='lat' dir='ltr'>est,</span> <span class='ocrx_word' id='word_1_54' title='bbox 1816 1079 1896 1138; x_wconf 92' lang='lat' dir='ltr'>ut</span> <span class='ocrx_word' id='word_1_55' title='bbox 1950 1057 2311 1161; x_wconf 90' lang='lat' dir='ltr'>Mysteria</span> <span class='ocrx_word' id='word_1_56' title='bbox 2365 1058 2586 1155; x_wconf 85' lang='lat' dir='ltr'>fidei,</span> <span class='ocrx_word' id='word_1_57' title='bbox 2638 1057 2843 1136; x_wconf 73' lang='lat' dir='ltr'>sicuti</span> <span class='ocrx_word' id='word_1_58' title='bbox 2894 1056 3164 1134; x_wconf 82' lang='lat' dir='ltr'>rationi</span> <span class='ocrx_word' id='word_1_59' title='bbox 3217 1056 3509 1134; x_wconf 89' lang='lat' dir='ltr'>adversa</span> <span class='ocrx_word' id='word_1_60' title='bbox 3541 1113 3567 1153; x_wconf 94' lang='lat'>,</span> <span class='ocrx_word' id='word_1_61' title='bbox 3643 1054 3746 1133; x_wconf 92' lang='lat' dir='ltr'>ita</span> <span class='ocrx_word' id='word_1_62' title='bbox 3820 1073 4003 1133; x_wconf 82' lang='lat' dir='ltr'>tam-</span> 
     </span>
     <span class='ocr_line' id='line_1_8' title="bbox 811 1155 4006 1257; baseline 0 -24"><span class='ocrx_word' id='word_1_63' title='bbox 811 1182 1037 1256; x_wconf 90' lang='lat' dir='ltr'>quam</span> <span class='ocrx_word' id='word_1_64' title='bbox 1096 1157 1269 1237; x_wconf 89' lang='lat' dir='ltr'>salsa</span> <span class='ocrx_word' id='word_1_65' title='bbox 1322 1161 1393 1238; x_wconf 79' lang='lat'>8&lt;</span> <span class='ocrx_word' id='word_1_66' title='bbox 1446 1161 1964 1239; x_wconf 86' lang='lat' dir='ltr'>commentitia</span> <span class='ocrx_word' id='word_1_67' title='bbox 2019 1158 2392 1255; x_wconf 76' lang='lat' dir='ltr'>rejiciant.</span> <span class='ocrx_word' id='word_1_68' title='bbox 2449 1165 2561 1238; x_wconf 88' lang='lat' dir='ltr'>Ea</span> <span class='ocrx_word' id='word_1_69' title='bbox 2615 1177 2864 1237; x_wconf 88' lang='lat' dir='ltr'>mente</span> <span class='ocrx_word' id='word_1_70' title='bbox 2917 1157 3220 1237; x_wconf 91' lang='lat' dir='ltr'>rationis</span> <span class='ocrx_word' id='word_1_71' title='bbox 3272 1183 3595 1257; x_wconf 88' lang='lat' dir='ltr'>pugnam</span> <span class='ocrx_word' id='word_1_72' title='bbox 3643 1181 3824 1247; x_wconf 63' lang='lat' dir='ltr'>⁴cum</span> <span class='ocrx_word' id='word_1_73' title='bbox 3865 1155 4006 1233; x_wconf 91' lang='lat' dir='ltr'>fide</span> 
     </span>
     <span class='ocr_line' id='line_1_9' title="bbox 813 1258 4006 1361; baseline 0 -28"><span class='ocrx_word' id='word_1_74' title='bbox 813 1260 1207 1337; x_wconf 79' lang='lat' dir='ltr'>admittere</span> <span class='ocrx_word' id='word_1_75' title='bbox 1265 1261 1390 1358; x_wconf 87' lang='lat' dir='ltr'>se,</span> <span class='ocrx_word' id='word_1_76' title='bbox 1442 1261 1824 1360; x_wconf 86' lang='lat' dir='ltr'>profitetur</span> <span class='ocrx_word' id='word_1_77' title='bbox 1874 1262 2182 1352; x_wconf 80' lang='lat' dir='ltr'>Baelius,</span> <span class='ocrx_word' id='word_1_78' title='bbox 2236 1280 2317 1339; x_wconf 87' lang='lat' dir='ltr'>ut</span> <span class='ocrx_word' id='word_1_79' title='bbox 2373 1262 2583 1361; x_wconf 73' lang='lat' dir='ltr'>ipsius</span> <span class='ocrx_word' id='word_1_80' title='bbox 2636 1260 2802 1339; x_wconf 88' lang='lat' dir='ltr'>fidei</span> <span class='ocrx_word' id='word_1_81' title='bbox 2861 1259 3272 1356; x_wconf 88' lang='lat' dir='ltr'>triumphos</span> <span class='ocrx_word' id='word_1_82' title='bbox 3354 1261 3441 1336; x_wconf 90' lang='lat' dir='ltr'>de</span> <span class='ocrx_word' id='word_1_83' title='bbox 3499 1258 3844 1359; x_wconf 90' lang='lat' dir='ltr'>prostrata</span> <span class='ocrx_word' id='word_1_84' title='bbox 3898 1282 4006 1334; x_wconf 86' lang='lat' dir='ltr'>ra-</span> 
     </span>
     <span class='ocr_line' id='line_1_10' title="bbox 811 1357 4008 1463; baseline 0.001 -27"><span class='ocrx_word' id='word_1_85' title='bbox 811 1357 1020 1436; x_wconf 85' lang='lat' dir='ltr'>tione</span> <span class='ocrx_word' id='word_1_86' title='bbox 1075 1384 1323 1440; x_wconf 89' lang='lat' dir='ltr'>canat.</span> <span class='ocrx_word' id='word_1_87' title='bbox 1388 1366 1597 1442; x_wconf 79' lang='lat' dir='ltr'>Hanc</span> <span class='ocrx_word' id='word_1_88' title='bbox 1654 1363 1870 1440; x_wconf 87' lang='lat' dir='ltr'>illum</span> <span class='ocrx_word' id='word_1_89' title='bbox 1926 1363 2272 1441; x_wconf 71' lang='lat' dir='ltr'>simulasse</span> <span class='ocrx_word' id='word_1_90' title='bbox 2327 1366 2677 1463; x_wconf 88' lang='lat' dir='ltr'>pietatem</span> <span class='ocrx_word' id='word_1_91' title='bbox 2733 1420 2761 1458; x_wconf 92' lang='lat'>,</span> <span class='ocrx_word' id='word_1_92' title='bbox 2844 1361 3262 1463; x_wconf 82' lang='lat' dir='ltr'>graviffima</span> <span class='ocrx_word' id='word_1_93' title='bbox 3315 1359 3623 1460; x_wconf 85' lang='lat' dir='ltr'>suspicio</span> <span class='ocrx_word' id='word_1_94' title='bbox 3671 1358 3826 1438; x_wconf 89' lang='lat' dir='ltr'>est:</span> <span class='ocrx_word' id='word_1_95' title='bbox 3921 1383 4008 1439; x_wconf 87' lang='lat' dir='ltr'>ac</span> 
     </span>
     <span class='ocr_line' id='line_1_11' title="bbox 802 1458 4010 1565; baseline 0 -26"><span class='ocrx_word' id='word_1_96' title='bbox 802 1458 996 1551; x_wconf 56' lang='lat' dir='ltr'>,illud</span> <span class='ocrx_word' id='word_1_97' title='bbox 1051 1464 1275 1541; x_wconf 88' lang='lat' dir='ltr'>etiam</span> <span class='ocrx_word' id='word_1_98' title='bbox 1351 1465 1669 1565; x_wconf 86' lang='lat' dir='ltr'>impium</span> <span class='ocrx_word' id='word_1_99' title='bbox 1758 1465 1885 1564; x_wconf 79' lang='lat' dir='ltr'>ipsi</span> <span class='ocrx_word' id='word_1_100' title='bbox 1958 1465 2342 1544; x_wconf 79' lang='lat' dir='ltr'>consilium</span> <span class='ocrx_word' id='word_1_101' title='bbox 2420 1466 2744 1542; x_wconf 68' lang='lat' dir='ltr'>insediffe</span> <span class='ocrx_word' id='word_1_102' title='bbox 2801 1522 2829 1560; x_wconf 90' lang='lat'>,</span> <span class='ocrx_word' id='word_1_103' title='bbox 2900 1483 2981 1542; x_wconf 85' lang='lat' dir='ltr'>ut</span> <span class='ocrx_word' id='word_1_104' title='bbox 3032 1463 3252 1558; x_wconf 81' lang='lat' dir='ltr'>fidei,</span> <span class='ocrx_word' id='word_1_105' title='bbox 3301 1488 3526 1562; x_wconf 89' lang='lat' dir='ltr'>quam</span> <span class='ocrx_word' id='word_1_106' title='bbox 3579 1463 3683 1540; x_wconf 85' lang='lat' dir='ltr'>ait</span> <span class='ocrx_word' id='word_1_107' title='bbox 3737 1460 4010 1540; x_wconf 86' lang='lat' dir='ltr'>rationi</span> 
     </span>
     <span class='ocr_line' id='line_1_12' title="bbox 811 1562 3662 1662; baseline 0 -22"><span class='ocrx_word' id='word_1_108' title='bbox 811 1562 1147 1641; x_wconf 89' lang='lat' dir='ltr'>obfistere</span> <span class='ocrx_word' id='word_1_109' title='bbox 1203 1592 1349 1643; x_wconf 88' lang='lat' dir='ltr'>non</span> <span class='ocrx_word' id='word_1_110' title='bbox 1407 1568 1697 1662; x_wconf 80' lang='lat' dir='ltr'>valere,</span> <span class='ocrx_word' id='word_1_111' title='bbox 1749 1567 2156 1645; x_wconf 89' lang='lat' dir='ltr'>vanitatem</span> <span class='ocrx_word' id='word_1_112' title='bbox 2209 1571 2631 1647; x_wconf 86' lang='lat' dir='ltr'>obtruderet</span> <span class='ocrx_word' id='word_1_113' title='bbox 2686 1567 2872 1643; x_wconf 88' lang='lat' dir='ltr'>nihil</span> <span class='ocrx_word' id='word_1_114' title='bbox 2929 1564 3079 1644; x_wconf 91' lang='lat' dir='ltr'>tale·</span> <span class='ocrx_word' id='word_1_115' title='bbox 3123 1564 3616 1662; x_wconf 78' lang='lat' dir='ltr'>cogitantibus</span> <span class='ocrx_word' id='word_1_116' title='bbox 3644 1621 3662 1640; x_wconf 95' lang='lat'>.</span> 
     </span>
     <span class='ocr_line' id='line_1_13' title="bbox 914 1666 4013 1769; baseline -0.001 -24"><span class='ocrx_word' id='word_1_117' title='bbox 914 1669 1330 1767; x_wconf 84' lang='lat' dir='ltr'>Utramque</span> <span class='ocrx_word' id='word_1_118' title='bbox 1386 1693 1714 1767; x_wconf 83' lang='lat' dir='ltr'>pugnam</span> <span class='ocrx_word' id='word_1_119' title='bbox 1764 1668 2200 1746; x_wconf 84' lang='lat' dir='ltr'>validiffime</span> <span class='ocrx_word' id='word_1_120' title='bbox 2256 1671 2614 1769; x_wconf 87' lang='lat' dir='ltr'>pugnavit</span> <span class='ocrx_word' id='word_1_121' title='bbox 2663 1666 2968 1748; x_wconf 61' lang='lat' dir='ltr'>Sanctus</span> <span class='ocrx_word' id='word_1_122' title='bbox 3019 1667 3354 1745; x_wconf 88' lang='lat' dir='ltr'>Thomas</span> <span class='ocrx_word' id='word_1_123' title='bbox 3381 1666 3760 1767; x_wconf 84' lang='lat' dir='ltr'>Aquinas..</span> <span class='ocrx_word' id='word_1_124' title='bbox 3815 1669 4013 1745; x_wconf 81' lang='lat' dir='ltr'>Con-</span> 
     </span>
     <span class='ocr_line' id='line_1_14' title="bbox 794 1766 4006 1871; baseline -0 -26"><span class='ocrx_word' id='word_1_125' title='bbox 794 1779 924 1845; x_wconf 81' lang='lat' dir='ltr'>·tra</span> <span class='ocrx_word' id='word_1_126' title='bbox 999 1769 1305 1847; x_wconf 81' lang='lat' dir='ltr'>Baelium</span> <span class='ocrx_word' id='word_1_127' title='bbox 1380 1769 1478 1847; x_wconf 89' lang='lat' dir='ltr'>est</span> <span class='ocrx_word' id='word_1_128' title='bbox 1530 1826 1556 1866; x_wconf 94' lang='lat'>,</span> <span class='ocrx_word' id='word_1_129' title='bbox 1625 1796 1782 1869; x_wconf 83' lang='lat' dir='ltr'>quae</span> <span class='ocrx_word' id='word_1_130' title='bbox 1850 1768 2244 1849; x_wconf 79' lang='lat' dir='ltr'>constituta</span> <span class='ocrx_word' id='word_1_131' title='bbox 2298 1772 2568 1871; x_wconf 87' lang='lat' dir='ltr'>Capite</span> <span class='ocrx_word' id='word_1_132' title='bbox 2619 1774 2794 1849; x_wconf 95' lang='lat' dir='ltr'>VII.</span> <span class='ocrx_word' id='word_1_133' title='bbox 2871 1768 3085 1847; x_wconf 82' lang='lat' dir='ltr'>thefis</span> <span class='ocrx_word' id='word_1_134' title='bbox 3157 1768 3428 1868; x_wconf 88' lang='lat' dir='ltr'>legitur</span> <span class='ocrx_word' id='word_1_135' title='bbox 3516 1766 3629 1845; x_wconf 86' lang='lat' dir='ltr'>his</span> <span class='ocrx_word' id='word_1_136' title='bbox 3695 1767 3934 1845; x_wconf 89' lang='lat' dir='ltr'>verbis</span> <span class='ocrx_word' id='word_1_137' title='bbox 3989 1794 4006 1844; x_wconf 78' lang='grc' dir='ltr'>ε</span> 
     </span>
     <span class='ocr_line' id='line_1_15' title="bbox 804 1868 4017 1973; baseline -0 -29"><span class='ocrx_word' id='word_1_138' title='bbox 804 1870 1180 1971; x_wconf 75' lang='lat' dir='ltr'>,Quamvis</span> <span class='ocrx_word' id='word_1_139' title='bbox 1221 1871 1575 1971; x_wconf 61' lang='lat' dir='ltr'>praediila</span> <span class='ocrx_word' id='word_1_140' title='bbox 1623 1872 1908 1952; x_wconf 79' lang='lat' dir='ltr'>veritas</span> <span class='ocrx_word' id='word_1_141' title='bbox 1946 1872 2141 1967; x_wconf 78' lang='lat' dir='ltr'>fidei</span> <span class='ocrx_word' id='word_1_142' title='bbox 2194 1869 2595 1953; x_wconf 62' lang='lat' dir='ltr'>christianae</span> <span class='ocrx_word' id='word_1_143' title='bbox 2644 1872 3114 1973; x_wconf 73' lang='lat' dir='ltr'>capacitatem</span> <span class='ocrx_word' id='word_1_144' title='bbox 3166 1871 3494 1949; x_wconf 82' lang='lat' dir='ltr'>bumanae</span> <span class='ocrx_word' id='word_1_145' title='bbox 3544 1868 3854 1948; x_wconf 85' lang='lat' dir='ltr'>rationis</span> <span class='ocrx_word' id='word_1_146' title='bbox 3903 1895 4017 1945; x_wconf 74' lang='lat' dir='ltr'>ex-</span> 
     </span>
     <span class='ocr_line' id='line_1_16' title="bbox 813 1966 4017 2071; baseline -0 -25"><span class='ocrx_word' id='word_1_147' title='bbox 813 1971 1077 2062; x_wconf 66' lang='lat' dir='ltr'>cedat,</span> <span class='ocrx_word' id='word_1_148' title='bbox 1129 1972 1271 2050; x_wconf 82' lang='lat' dir='ltr'>haec</span> <span class='ocrx_word' id='word_1_149' title='bbox 1320 1998 1565 2051; x_wconf 84' lang='lat' dir='ltr'>tamen</span> <span class='ocrx_word' id='word_1_150' title='bbox 1622 2001 1776 2071; x_wconf 83' lang='lat' dir='ltr'>quae</span> <span class='ocrx_word' id='word_1_151' title='bbox 1830 1974 2017 2051; x_wconf 83' lang='lat' dir='ltr'>ratio</span> <span class='ocrx_word' id='word_1_152' title='bbox 2070 1975 2513 2053; x_wconf 78' lang='lat' dir='ltr'>naturaliter</span> <span class='ocrx_word' id='word_1_153' title='bbox 2570 1974 2817 2052; x_wconf 85' lang='lat' dir='ltr'>indita</span> <span class='ocrx_word' id='word_1_154' title='bbox 2866 1973 3077 2051; x_wconf 84' lang='lat' dir='ltr'>babet</span> <span class='ocrx_word' id='word_1_155' title='bbox 3103 2030 3129 2070; x_wconf 93' lang='lat'>,</span> <span class='ocrx_word' id='word_1_156' title='bbox 3178 1971 3345 2050; x_wconf 83' lang='lat' dir='ltr'>huic</span> <span class='ocrx_word' id='word_1_157' title='bbox 3393 1971 3714 2050; x_wconf 85' lang='lat' dir='ltr'>veritati</span> <span class='ocrx_word' id='word_1_158' title='bbox 3764 1966 4017 2071; x_wconf 77' lang='lat' dir='ltr'>(fidei</span> 
     </span>
     <span class='ocr_line' id='line_1_17' title="bbox 812 2069 4017 2173; baseline 0 -25"><span class='ocrx_word' id='word_1_159' title='bbox 812 2069 1217 2151; x_wconf 82' lang='lat' dir='ltr'>ch-ristianae</span> <span class='ocrx_word' id='word_1_160' title='bbox 1274 2072 1300 2167; x_wconf 92' lang='lat'><em>)</em></span> <span class='ocrx_word' id='word_1_161' title='bbox 1353 2075 1719 2151; x_wconf 81' lang='lat' dir='ltr'>contraria</span> <span class='ocrx_word' id='word_1_162' title='bbox 1771 2073 1905 2170; x_wconf 79' lang='lat' dir='ltr'>effe</span> <span class='ocrx_word' id='word_1_163' title='bbox 1957 2103 2096 2150; x_wconf 83' lang='lat' dir='ltr'>non</span> <span class='ocrx_word' id='word_1_164' title='bbox 2138 2075 2469 2173; x_wconf 83' lang='lat' dir='ltr'>poffunt.</span> <span class='ocrx_word' id='word_1_165' title='bbox 2503 2076 2922 2154; x_wconf 76' lang='lat' dir='ltr'>Naturales</span> <span class='ocrx_word' id='word_1_166' title='bbox 2975 2075 3321 2151; x_wconf 85' lang='lat' dir='ltr'>veritates</span> <span class='ocrx_word' id='word_1_167' title='bbox 3375 2071 3763 2168; x_wconf 81' lang='lat' dir='ltr'>intellige,</span> <span class='ocrx_word' id='word_1_168' title='bbox 3821 2076 4017 2168; x_wconf 67' lang='lat' dir='ltr'>&#39;quas</span> 
     </span>
     <span class='ocr_line' id='line_1_18' title="bbox 796 2171 4015 2273; baseline -0.002 -20"><span class='ocrx_word' id='word_1_169' title='bbox 796 2196 1030 2264; x_wconf 58' lang='lat' dir='ltr'>‚mens</span> <span class='ocrx_word' id='word_1_170' title='bbox 1083 2191 1323 2251; x_wconf 89' lang='lat' dir='ltr'>creata</span> <span class='ocrx_word' id='word_1_171' title='bbox 1374 2176 1749 2272; x_wconf 84' lang='lat' dir='ltr'>cognoscit</span> <span class='ocrx_word' id='word_1_172' title='bbox 1801 2175 2085 2251; x_wconf 85' lang='lat' dir='ltr'>lumine</span> <span class='ocrx_word' id='word_1_173' title='bbox 2138 2201 2226 2251; x_wconf 83' lang='lat' dir='ltr'>ex</span> <span class='ocrx_word' id='word_1_174' title='bbox 2287 2178 2375 2252; x_wconf 86' lang='lat' dir='ltr'>iis</span> <span class='ocrx_word' id='word_1_175' title='bbox 2431 2175 2736 2272; x_wconf 89' lang='lat' dir='ltr'>baust0,</span> <span class='ocrx_word' id='word_1_176' title='bbox 2804 2200 2960 2273; x_wconf 84' lang='lat' dir='ltr'>quae</span> <span class='ocrx_word' id='word_1_177' title='bbox 3014 2171 3203 2253; x_wconf 64' lang='lat' dir='ltr'>fafi‘ta</span> <span class='ocrx_word' id='word_1_178' title='bbox 3257 2173 3419 2250; x_wconf 89' lang='lat' dir='ltr'>sunt</span> <span class='ocrx_word' id='word_1_179' title='bbox 3470 2228 3496 2267; x_wconf 93' lang='lat'>,</span> <span class='ocrx_word' id='word_1_180' title='bbox 3567 2172 3710 2248; x_wconf 75' lang='lat' dir='ltr'>sive</span> <span class='ocrx_word' id='word_1_181' title='bbox 3764 2196 3851 2248; x_wconf 84' lang='lat' dir='ltr'>ex</span> <span class='ocrx_word' id='word_1_182' title='bbox 3907 2171 4015 2245; x_wconf 82' lang='lat' dir='ltr'>re‘·</span> 
     </span>
     <span class='ocr_line' id='line_1_19' title="bbox 805 2271 4017 2376; baseline 0 -26"><span class='ocrx_word' id='word_1_183' title='bbox 805 2271 1131 2351; x_wconf 81' lang='lat' dir='ltr'>flexione</span> <span class='ocrx_word' id='word_1_184' title='bbox 1184 2274 1295 2352; x_wconf 92' lang='lat' dir='ltr'>sui</span> <span class='ocrx_word' id='word_1_185' title='bbox 1349 2275 1605 2376; x_wconf 82' lang='lat' dir='ltr'>ipfius,</span> <span class='ocrx_word' id='word_1_186' title='bbox 1665 2276 1806 2353; x_wconf 89' lang='lat' dir='ltr'>five</span> <span class='ocrx_word' id='word_1_187' title='bbox 1863 2303 1951 2354; x_wconf 87' lang='lat' dir='ltr'>ex</span> <span class='ocrx_word' id='word_1_188' title='bbox 2008 2303 2248 2374; x_wconf 82' lang='lat' dir='ltr'>rerum</span> <span class='ocrx_word' id='word_1_189' title='bbox 2305 2275 2749 2368; x_wconf 76' lang='lat' dir='ltr'>sensibilium</span> <span class='ocrx_word' id='word_1_190' title='bbox 2808 2276 3313 2376; x_wconf 87' lang='lat' dir='ltr'>perceptione.</span> <span class='ocrx_word' id='word_1_191' title='bbox 3349 2272 3545 2353; x_wconf 76' lang='lat' dir='ltr'>Aliae</span> <span class='ocrx_word' id='word_1_192' title='bbox 3596 2273 3802 2368; x_wconf 87' lang='lat' dir='ltr'>sunt,</span> <span class='ocrx_word' id='word_1_193' title='bbox 3855 2297 4017 2370; x_wconf 80' lang='lat' dir='ltr'>quae</span> 
     </span>
     <span class='ocr_line' id='line_1_20' title="bbox 796 2371 4016 2477; baseline -0.001 -24"><span class='ocrx_word' id='word_1_194' title='bbox 796 2377 1127 2469; x_wconf 18' lang='lat' dir='ltr'>&#39;vocibus</span> <span class='ocrx_word' id='word_1_195' title='bbox 1180 2377 1318 2455; x_wconf 89' lang='lat' dir='ltr'>rite</span> <span class='ocrx_word' id='word_1_196' title='bbox 1389 2377 1727 2477; x_wconf 76' lang='lat' dir='ltr'>expolitis</span> <span class='ocrx_word' id='word_1_197' title='bbox 1793 2378 2152 2456; x_wconf 86' lang='lat' dir='ltr'>intimum</span> <span class='ocrx_word' id='word_1_198' title='bbox 2226 2406 2310 2457; x_wconf 87' lang='lat' dir='ltr'>ac</span> <span class='ocrx_word' id='word_1_199' title='bbox 2381 2380 2899 2458; x_wconf 85' lang='lat' dir='ltr'>immediatum</span> <span class='ocrx_word' id='word_1_200' title='bbox 2968 2378 3317 2459; x_wconf 83' lang='lat' dir='ltr'>exhibent</span> <span class='ocrx_word' id='word_1_201' title='bbox 3371 2401 3642 2454; x_wconf 87' lang='lat' dir='ltr'>nexum</span> <span class='ocrx_word' id='word_1_202' title='bbox 3715 2371 4016 2472; x_wconf 73' lang='lat' dir='ltr'>subjeffi</span> 
     </span>
     <span class='ocr_line' id='line_1_21' title="bbox 813 2475 4011 2581; baseline -0.001 -26"><span class='ocrx_word' id='word_1_203' title='bbox 813 2475 891 2555; x_wconf 76' lang='lat'>8&lt;</span> <span class='ocrx_word' id='word_1_204' title='bbox 943 2479 1275 2559; x_wconf 83' lang='lat' dir='ltr'>attributi</span> <span class='ocrx_word' id='word_1_205' title='bbox 1334 2509 1352 2556; x_wconf 91' lang='lat'>:</span> <span class='ocrx_word' id='word_1_206' title='bbox 1428 2481 1733 2580; x_wconf 84' lang='lat' dir='ltr'>aliaeque</span> <span class='ocrx_word' id='word_1_207' title='bbox 1767 2535 1793 2578; x_wconf 93' lang='lat'>,</span> <span class='ocrx_word' id='word_1_208' title='bbox 1844 2506 2001 2580; x_wconf 82' lang='lat' dir='ltr'>quae</span> <span class='ocrx_word' id='word_1_209' title='bbox 2056 2481 2454 2559; x_wconf 83' lang='lat' dir='ltr'>ratiocinio</span> <span class='ocrx_word' id='word_1_210' title='bbox 2498 2481 2947 2581; x_wconf 83' lang='lat' dir='ltr'>colliguntur</span> <span class='ocrx_word' id='word_1_211' title='bbox 2998 2539 3015 2558; x_wconf 94' lang='lat'>.</span> <span class='ocrx_word' id='word_1_212' title='bbox 3124 2481 3250 2559; x_wconf 81' lang='lat' dir='ltr'>Ad</span> <span class='ocrx_word' id='word_1_213' title='bbox 3297 2477 3484 2556; x_wconf 88' lang='lat' dir='ltr'>hanc</span> <span class='ocrx_word' id='word_1_214' title='bbox 3536 2475 4011 2576; x_wconf 87' lang='lat' dir='ltr'>posteriorem</span> 
     </span>
     <span class='ocr_line' id='line_1_22' title="bbox 810 2577 4009 2682; baseline -0.001 -25"><span class='ocrx_word' id='word_1_215' title='bbox 810 2579 1106 2658; x_wconf 80' lang='lat' dir='ltr'>clafl‘em</span> <span class='ocrx_word' id='word_1_216' title='bbox 1163 2583 1533 2682; x_wconf 87' lang='lat' dir='ltr'>pertinent</span> <span class='ocrx_word' id='word_1_217' title='bbox 1585 2582 1927 2679; x_wconf 71' lang='lat' dir='ltr'>veritates</span> <span class='ocrx_word' id='word_1_218' title='bbox 1981 2583 2240 2681; x_wconf 83' lang='lat' dir='ltr'>aliquae</span> <span class='ocrx_word' id='word_1_219' title='bbox 2296 2582 2559 2660; x_wconf 84' lang='lat' dir='ltr'>divinae</span> <span class='ocrx_word' id='word_1_220' title='bbox 2598 2639 2624 2681; x_wconf 90' lang='lat'>,</span> <span class='ocrx_word' id='word_1_221' title='bbox 2691 2608 2850 2681; x_wconf 80' lang='lat' dir='ltr'>quae</span> <span class='ocrx_word' id='word_1_222' title='bbox 2913 2609 3002 2661; x_wconf 88' lang='lat' dir='ltr'>ex</span> <span class='ocrx_word' id='word_1_223' title='bbox 3073 2579 3449 2661; x_wconf 62' lang='lat' dir='ltr'>effectibus</span> <span class='ocrx_word' id='word_1_224' title='bbox 3500 2597 3690 2656; x_wconf 83' lang='lat' dir='ltr'>notae</span> <span class='ocrx_word' id='word_1_225' title='bbox 3743 2577 3931 2656; x_wconf 90' lang='lat' dir='ltr'>fiunt</span> <span class='ocrx_word' id='word_1_226' title='bbox 3979 2631 4009 2672; x_wconf 93' lang='lat'>,</span> 
     </span>
     <span class='ocr_line' id='line_1_23' title="bbox 811 2681 4012 2785; baseline -0.002 -22"><span class='ocrx_word' id='word_1_227' title='bbox 811 2684 1142 2784; x_wconf 65' lang='lat' dir='ltr'>fupremi</span> <span class='ocrx_word' id='word_1_228' title='bbox 1195 2685 1542 2785; x_wconf 86' lang='lat' dir='ltr'>principii</span> <span class='ocrx_word' id='word_1_229' title='bbox 1601 2684 1994 2781; x_wconf 81' lang='lat' dir='ltr'>exstantia,</span> <span class='ocrx_word' id='word_1_230' title='bbox 2047 2686 2276 2764; x_wconf 89' lang='lat' dir='ltr'>virtus</span> <span class='ocrx_word' id='word_1_231' title='bbox 2331 2685 2486 2779; x_wconf 81' lang='lat' dir='ltr'>ejus</span> <span class='ocrx_word' id='word_1_232' title='bbox 2533 2685 3052 2783; x_wconf 77' lang='lat' dir='ltr'>omni-potens,</span> <span class='ocrx_word' id='word_1_233' title='bbox 3102 2710 3186 2761; x_wconf 88' lang='lat' dir='ltr'>ac</span> <span class='ocrx_word' id='word_1_234' title='bbox 3240 2685 3384 2761; x_wconf 80' lang='lat' dir='ltr'>alia</span> <span class='ocrx_word' id='word_1_235' title='bbox 3438 2681 3794 2758; x_wconf 89' lang='lat' dir='ltr'>attributa</span> <span class='ocrx_word' id='word_1_236' title='bbox 3850 2689 4012 2778; x_wconf 69' lang='lat' dir='ltr'>qua:</span> 
     </span>
     <span class='ocr_line' id='line_1_24' title="bbox 811 2784 4016 2890; baseline -0.002 -25"><span class='ocrx_word' id='word_1_237' title='bbox 811 2786 1156 2885; x_wconf 76' lang='lat' dir='ltr'>supremo</span> <span class='ocrx_word' id='word_1_238' title='bbox 1208 2786 1572 2887; x_wconf 86' lang='lat' dir='ltr'>principio</span> <span class='ocrx_word' id='word_1_239' title='bbox 1624 2787 2124 2866; x_wconf 88' lang='lat' dir='ltr'>conveniunt.</span> <span class='ocrx_word' id='word_1_240' title='bbox 2166 2784 2530 2890; x_wconf 78' lang='lat' dir='ltr'>Mysteria</span> <span class='ocrx_word' id='word_1_241' title='bbox 2581 2785 2754 2864; x_wconf 86' lang='lat' dir='ltr'>fidei</span> <span class='ocrx_word' id='word_1_242' title='bbox 2779 2784 3179 2865; x_wconf 69' lang='lat' dir='ltr'>christianae</span> <span class='ocrx_word' id='word_1_243' title='bbox 3204 2785 3575 2886; x_wconf 86' lang='lat' dir='ltr'>pertinent</span> <span class='ocrx_word' id='word_1_244' title='bbox 3621 2784 3712 2859; x_wconf 90' lang='lat' dir='ltr'>ad</span> <span class='ocrx_word' id='word_1_245' title='bbox 3740 2787 4016 2877; x_wconf 87' lang='lat' dir='ltr'>Deum,</span> 
     </span>
     <span class='ocr_line' id='line_1_25' title="bbox 791 2881 4012 2992; baseline -0.002 -27"><span class='ocrx_word' id='word_1_246' title='bbox 791 2886 1135 2965; x_wconf 41' lang='lat' dir='ltr'>‘minime</span> <span class='ocrx_word' id='word_1_247' title='bbox 1189 2912 1316 2985; x_wconf 90' lang='lat' dir='ltr'>per</span> <span class='ocrx_word' id='word_1_248' title='bbox 1368 2912 1452 2964; x_wconf 91' lang='lat' dir='ltr'>ea</span> <span class='ocrx_word' id='word_1_249' title='bbox 1505 2914 1663 2987; x_wconf 81' lang='lat' dir='ltr'>quae</span> <span class='ocrx_word' id='word_1_250' title='bbox 1717 2887 1912 2966; x_wconf 56' lang='lat' dir='ltr'>faeta</span> <span class='ocrx_word' id='word_1_251' title='bbox 1964 2890 2129 2966; x_wconf 86' lang='lat' dir='ltr'>sunt</span> <span class='ocrx_word' id='word_1_252' title='bbox 2179 2891 2614 2992; x_wconf 81' lang='lat' dir='ltr'>cognitum,</span> <span class='ocrx_word' id='word_1_253' title='bbox 2669 2888 2787 2966; x_wconf 89' lang='lat' dir='ltr'>sed</span> <span class='ocrx_word' id='word_1_254' title='bbox 2839 2892 2930 2967; x_wconf 90' lang='lat' dir='ltr'>ad</span> <span class='ocrx_word' id='word_1_255' title='bbox 2983 2891 3221 2989; x_wconf 90' lang='lat' dir='ltr'>ipsum</span> <span class='ocrx_word' id='word_1_256' title='bbox 3298 2883 3702 2985; x_wconf 81' lang='lat' dir='ltr'>cujusmodi.</span> <span class='ocrx_word' id='word_1_257' title='bbox 3781 2881 3878 2960; x_wconf 91' lang='lat' dir='ltr'>est</span> <span class='ocrx_word' id='word_1_258' title='bbox 3933 2883 4012 2976; x_wconf 88' lang='lat' dir='ltr'>in</span> 
     </span>
     <span class='ocr_line' id='line_1_26' title="bbox 812 2980 4015 3088; baseline -0.002 -23"><span class='ocrx_word' id='word_1_259' title='bbox 812 2987 929 3066; x_wconf 83' lang='lat' dir='ltr'>se:</span> <span class='ocrx_word' id='word_1_260' title='bbox 986 3012 1137 3086; x_wconf 89' lang='lat' dir='ltr'>quo</span> <span class='ocrx_word' id='word_1_261' title='bbox 1189 2987 1428 3088; x_wconf 43' lang='lat' dir='ltr'>ipsum&lt;</span> <span class='ocrx_word' id='word_1_262' title='bbox 1480 2990 1711 3066; x_wconf 92' lang='lat' dir='ltr'>modo</span> <span class='ocrx_word' id='word_1_263' title='bbox 1758 2990 1949 3066; x_wconf 84' lang='lat' dir='ltr'>ratio</span> <span class='ocrx_word' id='word_1_264' title='bbox 2002 2989 2352 3067; x_wconf 84' lang='lat' dir='ltr'>naturalis</span> <span class='ocrx_word' id='word_1_265' title='bbox 2404 2989 2818 3088; x_wconf 85' lang='lat' dir='ltr'>conspicere</span> <span class='ocrx_word' id='word_1_266' title='bbox 2869 3017 3022 3069; x_wconf 87' lang='lat' dir='ltr'>non</span> <span class='ocrx_word' id='word_1_267' title='bbox 3071 2991 3322 3086; x_wconf 87' lang='lat' dir='ltr'>valet,</span> <span class='ocrx_word' id='word_1_268' title='bbox 3371 3012 3542 3066; x_wconf 90' lang='lat' dir='ltr'>cum</span> <span class='ocrx_word' id='word_1_269' title='bbox 3602 2985 3842 3063; x_wconf 91' lang='lat' dir='ltr'>nullus</span> <span class='ocrx_word' id='word_1_270' title='bbox 3914 2980 4015 3060; x_wconf 82' lang='lat' dir='ltr'>ef-</span> 
     </span>
     <span class='ocr_line' id='line_1_27' title="bbox 815 3087 4013 3189; baseline -0.002 -21"><span class='ocrx_word' id='word_1_271' title='bbox 815 3087 1050 3168; x_wconf 58' lang='lat' dir='ltr'>fecius</span> <span class='ocrx_word' id='word_1_272' title='bbox 1105 3089 1461 3168; x_wconf 86' lang='lat' dir='ltr'>naturalis</span> <span class='ocrx_word' id='word_1_273' title='bbox 1510 3089 1745 3187; x_wconf 87' lang='lat' dir='ltr'>ipsum</span> <span class='ocrx_word' id='word_1_274' title='bbox 1794 3089 2160 3189; x_wconf 56' lang='lat' dir='ltr'>adaequem</span> <span class='ocrx_word' id='word_1_275' title='bbox 2213 3116 2449 3188; x_wconf 83' lang='lat' dir='ltr'>neque</span> <span class='ocrx_word' id='word_1_276' title='bbox 2503 3092 2792 3188; x_wconf 81' lang='lat' dir='ltr'>ullum,</span> <span class='ocrx_word' id='word_1_277' title='bbox 2842 3109 2968 3170; x_wconf 88' lang='lat' dir='ltr'>aut</span> <span class='ocrx_word' id='word_1_278' title='bbox 3021 3089 3554 3184; x_wconf 87' lang='lat' dir='ltr'>sufficientem,</span> <span class='ocrx_word' id='word_1_279' title='bbox 3617 3087 3746 3188; x_wconf 91' lang='lat' dir='ltr'>qui</span> <span class='ocrx_word' id='word_1_280' title='bbox 3799 3111 4013 3187; x_wconf 80' lang='lat' dir='ltr'>appa-</span> 
     </span>
     <span class='ocr_line' id='line_1_28' title="bbox 815 3190 4011 3294; baseline -0.002 -23"><span class='ocrx_word' id='word_1_281' title='bbox 815 3210 1017 3287; x_wconf 85' lang='lat' dir='ltr'>reat,</span> <span class='ocrx_word' id='word_1_282' title='bbox 1071 3216 1349 3269; x_wconf 84' lang='lat' dir='ltr'>nexum</span> <span class='ocrx_word' id='word_1_283' title='bbox 1398 3191 1783 3289; x_wconf 81' lang='lat' dir='ltr'>exhibeat,</span> <span class='ocrx_word' id='word_1_284' title='bbox 1834 3211 1920 3270; x_wconf 87' lang='lat' dir='ltr'>ut</span> <span class='ocrx_word' id='word_1_285' title='bbox 1967 3192 2141 3271; x_wconf 84' lang='lat' dir='ltr'>inde</span> <span class='ocrx_word' id='word_1_286' title='bbox 2194 3194 2288 3272; x_wconf 87' lang='lat' dir='ltr'>ad</span> <span class='ocrx_word' id='word_1_287' title='bbox 2339 3192 2624 3292; x_wconf 87' lang='lat' dir='ltr'>ipsum,</span> <span class='ocrx_word' id='word_1_288' title='bbox 2673 3191 3076 3294; x_wconf 79' lang='lat' dir='ltr'>cujusmodi</span> <span class='ocrx_word' id='word_1_289' title='bbox 3130 3192 3230 3271; x_wconf 90' lang='lat' dir='ltr'>est</span> <span class='ocrx_word' id='word_1_290' title='bbox 3276 3191 3362 3269; x_wconf 88' lang='lat' dir='ltr'>in</span> <span class='ocrx_word' id='word_1_291' title='bbox 3411 3191 3525 3289; x_wconf 84' lang='lat' dir='ltr'>se,</span> <span class='ocrx_word' id='word_1_292' title='bbox 3574 3190 4011 3291; x_wconf 86' lang='lat' dir='ltr'>cognoscen-</span> 
     </span>
     <span class='ocr_line' id='line_1_29' title="bbox 816 3294 3962 3402; baseline -0.001 -30"><span class='ocrx_word' id='word_1_293' title='bbox 816 3294 1000 3373; x_wconf 83' lang='lat' dir='ltr'>dum</span> <span class='ocrx_word' id='word_1_294' title='bbox 1052 3294 1439 3393; x_wconf 82' lang='lat' dir='ltr'>adsurgat.</span> <span class='ocrx_word' id='word_1_295' title='bbox 1785 3383 1790 3388; x_wconf 41' lang='grc'>,</span> <span class='ocrx_word' id='word_1_296' title='bbox 3939 3389 3962 3402; x_wconf 26' lang='lat'>..</span> 
     </span>
     <span class='ocr_line' id='line_1_30' title="bbox 804 3395 4014 3505; baseline -0.002 -29"><span class='ocrx_word' id='word_1_297' title='bbox 804 3447 809 3458; x_wconf 92' lang='lat'><em>·</em></span> <span class='ocrx_word' id='word_1_298' title='bbox 928 3397 1299 3497; x_wconf 86' lang='lat' dir='ltr'>Utrasque</span> <span class='ocrx_word' id='word_1_299' title='bbox 1377 3396 1716 3476; x_wconf 86' lang='lat' dir='ltr'>veritates</span> <span class='ocrx_word' id='word_1_300' title='bbox 1783 3397 2111 3477; x_wconf 80' lang='lat' dir='ltr'>admittit</span> <span class='ocrx_word' id='word_1_301' title='bbox 2178 3397 2441 3479; x_wconf 77' lang='lat' dir='ltr'>Baelius</span> <span class='ocrx_word' id='word_1_302' title='bbox 2476 3457 2500 3476; x_wconf 88' lang='lat'>.</span> <span class='ocrx_word' id='word_1_303' title='bbox 2566 3401 2902 3499; x_wconf 89' lang='lat' dir='ltr'>Pugnam</span> <span class='ocrx_word' id='word_1_304' title='bbox 2973 3399 3167 3478; x_wconf 86' lang='lat' dir='ltr'>inter</span> <span class='ocrx_word' id='word_1_305' title='bbox 3250 3395 3590 3494; x_wconf 81' lang='lat' dir='ltr'>utrasque</span> <span class='ocrx_word' id='word_1_306' title='bbox 3644 3415 4014 3505; x_wconf 64' lang='lat' dir='ltr'>exerceri„</span> 
     </span>
     <span class='ocr_line' id='line_1_31' title="bbox 824 3495 4015 3603; baseline -0.004 -25"><span class='ocrx_word' id='word_1_307' title='bbox 824 3499 1214 3578; x_wconf 85' lang='lat' dir='ltr'>contendit</span> <span class='ocrx_word' id='word_1_308' title='bbox 1271 3498 1446 3596; x_wconf 82' lang='lat' dir='ltr'>ille,</span> <span class='ocrx_word' id='word_1_309' title='bbox 1497 3516 1847 3599; x_wconf 86' lang='lat' dir='ltr'>pernegat</span> <span class='ocrx_word' id='word_1_310' title='bbox 1901 3502 2238 3603; x_wconf 82' lang='lat' dir='ltr'>Aquinas</span> <span class='ocrx_word' id='word_1_311' title='bbox 2273 3530 2305 3578; x_wconf 91' lang='grc'>.·</span> <span class='ocrx_word' id='word_1_312' title='bbox 2393 3503 2591 3602; x_wconf 90' lang='lat' dir='ltr'>quod</span> <span class='ocrx_word' id='word_1_313' title='bbox 2643 3502 2755 3578; x_wconf 87' lang='lat' dir='ltr'>his</span> <span class='ocrx_word' id='word_1_314' title='bbox 2809 3495 3087 3579; x_wconf 83' lang='lat' dir='ltr'>evincit</span> <span class='ocrx_word' id='word_1_315' title='bbox 3142 3495 3592 3596; x_wconf 84' lang='lat' dir='ltr'>argumentis</span> <span class='ocrx_word' id='word_1_316' title='bbox 3628 3548 3647 3567; x_wconf 95' lang='lat'>.</span> <span class='ocrx_word' id='word_1_317' title='bbox 3701 3497 3817 3569; x_wconf 93' lang='lat' dir='ltr'>Ac</span> <span class='ocrx_word' id='word_1_318' title='bbox 3869 3514 4015 3589; x_wconf 79' lang='lat' dir='ltr'>prr-</span> 
     </span>
     <span class='ocr_line' id='line_1_32' title="bbox 832 3594 4017 3702; baseline -0.003 -25"><span class='ocrx_word' id='word_1_319' title='bbox 832 3625 1020 3694; x_wconf 85' lang='lat' dir='ltr'>m0,</span> <span class='ocrx_word' id='word_1_320' title='bbox 1078 3627 1231 3698; x_wconf 82' lang='lat' dir='ltr'>quae</span> <span class='ocrx_word' id='word_1_321' title='bbox 1281 3602 1725 3680; x_wconf 77' lang='lat' dir='ltr'>naturaliter</span> <span class='ocrx_word' id='word_1_322' title='bbox 1775 3601 2049 3680; x_wconf 86' lang='lat' dir='ltr'>rationi</span> <span class='ocrx_word' id='word_1_323' title='bbox 2081 3603 2275 3698; x_wconf 89' lang='lat' dir='ltr'>sunt</span> <span class='ocrx_word' id='word_1_324' title='bbox 2329 3601 2546 3702; x_wconf 75' lang='lat' dir='ltr'>insita</span> <span class='ocrx_word' id='word_1_325' title='bbox 2588 3656 2614 3696; x_wconf 91' lang='lat'>,</span> <span class='ocrx_word' id='word_1_326' title='bbox 2691 3600 2834 3676; x_wconf 87' lang='lat' dir='ltr'>five</span> <span class='ocrx_word' id='word_1_327' title='bbox 2890 3599 3014 3675; x_wconf 91' lang='lat' dir='ltr'>illa</span> <span class='ocrx_word' id='word_1_328' title='bbox 3067 3622 3193 3696; x_wconf 87' lang='lat' dir='ltr'>per</span> <span class='ocrx_word' id='word_1_329' title='bbox 3245 3596 3663 3672; x_wconf 85' lang='lat' dir='ltr'>evidentem</span> <span class='ocrx_word' id='word_1_330' title='bbox 3716 3594 4017 3670; x_wconf 86' lang='lat' dir='ltr'>demon·</span> 
     </span>
     <span class='ocr_line' id='line_1_33' title="bbox 798 3687 4012 3798; baseline -0.002 -22"><span class='ocrx_word' id='word_1_331' title='bbox 798 3699 1259 3778; x_wconf 76' lang='lat' dir='ltr'>-strationem</span> <span class='ocrx_word' id='word_1_332' title='bbox 1313 3720 1488 3779; x_wconf 87' lang='lat' dir='ltr'>nota</span> <span class='ocrx_word' id='word_1_333' title='bbox 1539 3702 1765 3797; x_wconf 82' lang='lat' dir='ltr'>fiant,</span> <span class='ocrx_word' id='word_1_334' title='bbox 1821 3701 1963 3778; x_wconf 86' lang='lat' dir='ltr'>five</span> <span class='ocrx_word' id='word_1_335' title='bbox 2018 3702 2534 3779; x_wconf 81' lang='lat' dir='ltr'>immediatum</span> <span class='ocrx_word' id='word_1_336' title='bbox 2589 3698 2893 3798; x_wconf 69' lang='lat' dir='ltr'>subJeffi</span> <span class='ocrx_word' id='word_1_337' title='bbox 2947 3723 3224 3776; x_wconf 77' lang='lat' dir='ltr'>nexum</span> <span class='ocrx_word' id='word_1_338' title='bbox 3277 3723 3451 3776; x_wconf 90' lang='lat' dir='ltr'>cum</span> <span class='ocrx_word' id='word_1_339' title='bbox 3500 3695 3855 3776; x_wconf 87' lang='lat' dir='ltr'>attributo</span> <span class='ocrx_word' id='word_1_340' title='bbox 3906 3687 4012 3770; x_wconf 85' lang='lat' dir='ltr'>of-</span> 
     </span>
     <span class='ocr_line' id='line_1_34' title="bbox 820 3794 4015 3902; baseline -0.001 -23"><span class='ocrx_word' id='word_1_341' title='bbox 820 3797 1063 3879; x_wconf 79' lang='lat' dir='ltr'>ferant</span> <span class='ocrx_word' id='word_1_342' title='bbox 1088 3857 1119 3899; x_wconf 87' lang='lat'>,</span> <span class='ocrx_word' id='word_1_343' title='bbox 1170 3801 1541 3893; x_wconf 83' lang='lat' dir='ltr'>veriffima</span> <span class='ocrx_word' id='word_1_344' title='bbox 1596 3801 1731 3896; x_wconf 76' lang='lat' dir='ltr'>effe</span> <span class='ocrx_word' id='word_1_345' title='bbox 1783 3798 2093 3902; x_wconf 86' lang='lat' dir='ltr'>constat:</span> <span class='ocrx_word' id='word_1_346' title='bbox 2152 3799 2231 3880; x_wconf 82' lang='lat' dir='ltr'>in</span> <span class='ocrx_word' id='word_1_347' title='bbox 2282 3825 2575 3880; x_wconf 84' lang='lat' dir='ltr'>tantum</span> <span class='ocrx_word' id='word_1_348' title='bbox 2630 3823 2716 3879; x_wconf 85' lang='lat' dir='ltr'>ut</span> <span class='ocrx_word' id='word_1_349' title='bbox 2766 3828 2895 3879; x_wconf 83' lang='lat' dir='ltr'>nec</span> <span class='ocrx_word' id='word_1_350' title='bbox 2946 3828 3031 3879; x_wconf 82' lang='lat' dir='ltr'>ea</span> <span class='ocrx_word' id='word_1_351' title='bbox 3081 3797 3219 3897; x_wconf 83' lang='lat' dir='ltr'>effe</span> <span class='ocrx_word' id='word_1_352' title='bbox 3253 3796 3458 3899; x_wconf 86' lang='lat' dir='ltr'>falsa</span> <span class='ocrx_word' id='word_1_353' title='bbox 3485 3854 3512 3895; x_wconf 90' lang='lat'>,</span> <span class='ocrx_word' id='word_1_354' title='bbox 3544 3794 3656 3900; x_wconf 88' lang='lat' dir='ltr'>stt</span> <span class='ocrx_word' id='word_1_355' title='bbox 3693 3794 4015 3897; x_wconf 81' lang='lat' dir='ltr'>poffibil&#39;e</span> 
     </span>
     <span class='ocr_line' id='line_1_35' title="bbox 824 3897 4019 4001; baseline -0.003 -20"><span class='ocrx_word' id='word_1_356' title='bbox 824 3901 1193 4001; x_wconf 82' lang='lat' dir='ltr'>cogitare.</span> <span class='ocrx_word' id='word_1_357' title='bbox 1247 3903 1480 4001; x_wconf 83' lang='lat' dir='ltr'>Atqui</span> <span class='ocrx_word' id='word_1_358' title='bbox 1536 3926 1714 3984; x_wconf 84' lang='lat' dir='ltr'>vero</span> <span class='ocrx_word' id='word_1_359' title='bbox 1762 3930 2004 4001; x_wconf 68' lang='lat' dir='ltr'>neque</span> <span class='ocrx_word' id='word_1_360' title='bbox 2047 3902 2135 3980; x_wconf 83' lang='lat' dir='ltr'>id</span> <span class='ocrx_word' id='word_1_361' title='bbox 2180 3904 2371 4001; x_wconf 82' lang='lat' dir='ltr'>quod</span> <span class='ocrx_word' id='word_1_362' title='bbox 2424 3902 2593 3998; x_wconf 81' lang='lat' dir='ltr'>fide</span> <span class='ocrx_word' id='word_1_363' title='bbox 2642 3924 2935 3980; x_wconf 81' lang='lat' dir='ltr'>tenetur</span> <span class='ocrx_word' id='word_1_364' title='bbox 2986 3909 3056 3999; x_wconf 79' lang='lat'>,·</span> <span class='ocrx_word' id='word_1_365' title='bbox 3082 3929 3242 3980; x_wconf 88' lang='lat' dir='ltr'>cum</span> <span class='ocrx_word' id='word_1_366' title='bbox 3312 3924 3561 3979; x_wconf 81' lang='lat' dir='ltr'>tamen</span> <span class='ocrx_word' id='word_1_367' title='bbox 3628 3897 4019 3977; x_wconf 67' lang='lat' dir='ltr'>evidenter</span> 
     </span>
     <span class='ocr_line' id='line_1_36' title="bbox 829 3999 4015 4108; baseline -0.003 -25"><span class='ocrx_word' id='word_1_368' title='bbox 829 4003 1209 4084; x_wconf 80' lang='lat' dir='ltr'>divinitus</span> <span class='ocrx_word' id='word_1_369' title='bbox 1243 4003 1749 4097; x_wconf 81' lang='lat' dir='ltr'>confirmatum</span> <span class='ocrx_word' id='word_1_370' title='bbox 1782 4002 1895 4108; x_wconf 88' lang='lat' dir='ltr'>stt</span> <span class='ocrx_word' id='word_1_371' title='bbox 1925 4060 1960 4102; x_wconf 84' lang='lat'>,</span> <span class='ocrx_word' id='word_1_372' title='bbox 2022 4005 2049 4102; x_wconf 92' lang='lat'><strong>(</strong></span> <span class='ocrx_word' id='word_1_373' title='bbox 2102 4004 2250 4082; x_wconf 86' lang='lat' dir='ltr'>five</span> <span class='ocrx_word' id='word_1_374' title='bbox 2300 4004 2505 4100; x_wconf 77' lang='lat' dir='ltr'>cujus</span> <span class='ocrx_word' id='word_1_375' title='bbox 2558 4004 2908 4082; x_wconf 84' lang='lat' dir='ltr'>revelatio</span> <span class='ocrx_word' id='word_1_376' title='bbox 2990 4003 3243 4084; x_wconf 84' lang='lat' dir='ltr'>divina</span> <span class='ocrx_word' id='word_1_377' title='bbox 3294 4030 3392 4081; x_wconf 90' lang='lat' dir='ltr'>eo</span> <span class='ocrx_word' id='word_1_378' title='bbox 3437 3999 3840 4080; x_wconf 88' lang='lat' dir='ltr'>innotescat</span> <span class='ocrx_word' id='word_1_379' title='bbox 3947 4023 4015 4075; x_wconf 88' lang='lat' dir='ltr'>e-</span> 
     </span>
     <span class='ocr_line' id='line_1_37' title="bbox 827 4022 4015 4208; baseline -0.002 -24"><span class='ocrx_word' id='word_1_380' title='bbox 827 4130 1005 4184; x_wconf 87' lang='lat' dir='ltr'>nere</span> <span class='ocrx_word' id='word_1_381' title='bbox 1058 4127 1663 4204; x_wconf 83' lang='lat' dir='ltr'>argumentorum</span> <span class='ocrx_word' id='word_1_382' title='bbox 1701 4163 1727 4203; x_wconf 94' lang='lat'>,</span> <span class='ocrx_word' id='word_1_383' title='bbox 1814 4132 1976 4208; x_wconf 80' lang='lat' dir='ltr'>quae</span> <span class='ocrx_word' id='word_1_384' title='bbox 2029 4133 2232 4184; x_wconf 89' lang='lat' dir='ltr'>num.</span> <span class='ocrx_word' id='word_1_385' title='bbox 2277 4135 2343 4207; x_wconf 78' lang='lat'>3.</span> <span class='ocrx_word' id='word_1_386' title='bbox 2401 4108 2620 4184; x_wconf 51' lang='lat' dir='ltr'>allata¹</span> <span class='ocrx_word' id='word_1_387' title='bbox 2672 4108 2833 4184; x_wconf 90' lang='lat' dir='ltr'>sunt</span> <span class='ocrx_word' id='word_1_388' title='bbox 2870 4162 2904 4204; x_wconf 78' lang='lat'>,</span> <span class='ocrx_word' id='word_1_389' title='bbox 2968 4106 2994 4204; x_wconf 94' lang='lat'><em>)</em></span> <span class='ocrx_word' id='word_1_390' title='bbox 3030 4102 3158 4205; x_wconf 84' lang='lat' dir='ltr'>fas</span> <span class='ocrx_word' id='word_1_391' title='bbox 3207 4103 3310 4204; x_wconf 67' lang='lat' dir='ltr'>est</span> <span class='ocrx_word' id='word_1_392' title='bbox 3357 4104 3642 4186; x_wconf 72' lang='lat' dir='ltr'>credere.</span> <span class='ocrx_word' id='word_1_393' title='bbox 3693 4099 3828 4195; x_wconf 80' lang='lat' dir='ltr'>effe</span> <span class='ocrx_word' id='word_1_394' title='bbox 3863 4022 4015 4194; x_wconf 42' lang='grc' dir='ltr'>,ἐδαί-</span> 
     </span>
     <span class='ocr_line' id='line_1_38' title="bbox 806 4200 4013 4313; baseline -0.002 -29"><span class='ocrx_word' id='word_1_395' title='bbox 806 4207 986 4307; x_wconf 83' lang='lat' dir='ltr'>sum</span> <span class='ocrx_word' id='word_1_396' title='bbox 1033 4234 1053 4284; x_wconf 78' lang='grc' dir='ltr'><em>τ</em></span> <span class='ocrx_word' id='word_1_397' title='bbox 1123 4209 1321 4305; x_wconf 85' lang='lat' dir='ltr'>quod</span> <span class='ocrx_word' id='word_1_398' title='bbox 1374 4209 1602 4287; x_wconf 89' lang='lat' dir='ltr'>etiam</span> <span class='ocrx_word' id='word_1_399' title='bbox 1656 4226 1781 4287; x_wconf 90' lang='lat' dir='ltr'>aut</span> <span class='ocrx_word' id='word_1_400' title='bbox 1834 4233 2047 4305; x_wconf 88' lang='lat' dir='ltr'>vera,</span> <span class='ocrx_word' id='word_1_401' title='bbox 2097 4225 2227 4286; x_wconf 90' lang='lat' dir='ltr'>aut</span> <span class='ocrx_word' id='word_1_402' title='bbox 2280 4207 2611 4287; x_wconf 81' lang='lat' dir='ltr'>simul-ata</span> <span class='ocrx_word' id='word_1_403' title='bbox 2662 4210 2932 4308; x_wconf 86' lang='lat' dir='ltr'>pietate</span> <span class='ocrx_word' id='word_1_404' title='bbox 2987 4207 3243 4287; x_wconf 60' lang='lat' dir='ltr'>duetus</span> <span class='ocrx_word' id='word_1_405' title='bbox 3275 4263 3303 4304; x_wconf 89' lang='lat'>‚</span> <span class='ocrx_word' id='word_1_406' title='bbox 3374 4203 3639 4284; x_wconf 86' lang='lat' dir='ltr'>fatetur</span> <span class='ocrx_word' id='word_1_407' title='bbox 3709 4200 4013 4313; x_wconf 58' lang='lat' dir='ltr'>Baelius5</span> 
     </span>
     <span class='ocr_line' id='line_1_39' title="bbox 832 4301 4023 4411; baseline -0.003 -22"><span class='ocrx_word' id='word_1_408' title='bbox 832 4309 1045 4389; x_wconf 75' lang='lat' dir='ltr'>Hinc</span> <span class='ocrx_word' id='word_1_409' title='bbox 1095 4308 1331 4408; x_wconf 81' lang='lat' dir='ltr'>igitur</span> <span class='ocrx_word' id='word_1_410' title='bbox 1366 4367 1390 4406; x_wconf 95' lang='lat'>,</span> <span class='ocrx_word' id='word_1_411' title='bbox 1445 4311 1619 4409; x_wconf 73' lang='lat' dir='ltr'>quia</span> <span class='ocrx_word' id='word_1_412' title='bbox 1647 4308 1894 4406; x_wconf 77' lang='lat' dir='ltr'>solum</span> <span class='ocrx_word' id='word_1_413' title='bbox 1941 4307 2220 4408; x_wconf 66' lang='lat' dir='ltr'>falsum</span> <span class='ocrx_word' id='word_1_414' title='bbox 2272 4339 2450 4389; x_wconf 82' lang='lat' dir='ltr'>vero</span> <span class='ocrx_word' id='word_1_415' title='bbox 2503 4311 2944 4388; x_wconf 82' lang='lat' dir='ltr'>contrarium</span> <span class='ocrx_word' id='word_1_416' title='bbox 2997 4307 3150 4411; x_wconf 74' lang='lat' dir='ltr'>cst,</span> <span class='ocrx_word' id='word_1_417' title='bbox 3195 4331 3280 4387; x_wconf 86' lang='lat' dir='ltr'>ut</span> <span class='ocrx_word' id='word_1_418' title='bbox 3330 4336 3432 4404; x_wconf 37' lang='lat' dir='ltr'>ex!</span> <span class='ocrx_word' id='word_1_419' title='bbox 3468 4333 3709 4385; x_wconf 81' lang='lat' dir='ltr'>eorum</span> <span class='ocrx_word' id='word_1_420' title='bbox 3761 4301 4023 4397; x_wconf 83' lang='lat' dir='ltr'>defim-</span> 
     </span>
     <span class='ocr_line' id='line_1_40' title="bbox 823 4406 4018 4515; baseline -0.002 -27"><span class='ocrx_word' id='word_1_421' title='bbox 823 4409 1149 4492; x_wconf 83' lang='lat' dir='ltr'>tionibus</span> <span class='ocrx_word' id='word_1_422' title='bbox 1202 4410 1537 4515; x_wconf 57' lang='lat' dir='ltr'>inspeflig</span> <span class='ocrx_word' id='word_1_423' title='bbox 1586 4409 1970 4513; x_wconf 73' lang='lat' dir='ltr'>manifeste</span> <span class='ocrx_word' id='word_1_424' title='bbox 2020 4431 2379 4512; x_wconf 71' lang='lat' dir='ltr'>apparet3</span> <span class='ocrx_word' id='word_1_425' title='bbox 2432 4412 2844 4513; x_wconf 81' lang='lat' dir='ltr'>impoffib-ile</span> <span class='ocrx_word' id='word_1_426' title='bbox 2896 4409 3041 4506; x_wconf 74' lang='lat' dir='ltr'>cll,</span> <span class='ocrx_word' id='word_1_427' title='bbox 3093 4411 3248 4489; x_wconf 86' lang='lat' dir='ltr'>illis</span> <span class='ocrx_word' id='word_1_428' title='bbox 3286 4406 3679 4510; x_wconf 80' lang='lat' dir='ltr'>principiis</span> <span class='ocrx_word' id='word_1_429' title='bbox 3730 4434 3883 4507; x_wconf 84' lang='lat' dir='ltr'>quae</span> <span class='ocrx_word' id='word_1_430' title='bbox 3909 4431 4018 4482; x_wconf 80' lang='lat' dir='ltr'>ra-</span> 
     </span>
     <span class='ocr_line' id='line_1_41' title="bbox 834 4510 3988 4612; baseline -0.001 -21"><span class='ocrx_word' id='word_1_431' title='bbox 834 4511 946 4591; x_wconf 87' lang='lat' dir='ltr'>tio</span> <span class='ocrx_word' id='word_1_432' title='bbox 997 4512 1443 4590; x_wconf 80' lang='lat' dir='ltr'>naturaliter</span> <span class='ocrx_word' id='word_1_433' title='bbox 1494 4512 1891 4612; x_wconf 82' lang='lat' dir='ltr'>cognoscit,</span> <span class='ocrx_word' id='word_1_434' title='bbox 1934 4512 2365 4612; x_wconf 64' lang='lat' dir='ltr'>pra-dictam</span> <span class='ocrx_word' id='word_1_435' title='bbox 2416 4513 2817 4592; x_wconf 83' lang='lat' dir='ltr'>veritatem</span> <span class='ocrx_word' id='word_1_436' title='bbox 2853 4510 3048 4607; x_wconf 74' lang='lat' dir='ltr'>fidei</span> <span class='ocrx_word' id='word_1_437' title='bbox 3101 4510 3236 4608; x_wconf 83' lang='lat' dir='ltr'>effe</span> <span class='ocrx_word' id='word_1_438' title='bbox 3284 4510 3721 4590; x_wconf 85' lang='lat' dir='ltr'>contrariam</span> <span class='ocrx_word' id='word_1_439' title='bbox 3744 4566 3772 4585; x_wconf 74' lang='lat'>.</span> <span class='ocrx_word' id='word_1_440' title='bbox 3985 4567 3988 4570; x_wconf 28' lang='grc' dir='ltr'>ι</span> 
     </span>
     <span class='ocr_line' id='line_1_42' title="bbox 807 4605 4018 4714; baseline -0.002 -23"><span class='ocrx_word' id='word_1_441' title='bbox 807 4673 813 4679; x_wconf 82' lang='grc'><strong>-</strong></span> <span class='ocrx_word' id='word_1_442' title='bbox 932 4613 1163 4691; x_wconf 88' lang='lat' dir='ltr'>Ratio</span> <span class='ocrx_word' id='word_1_443' title='bbox 1216 4613 1539 4712; x_wconf 86' lang='lat' dir='ltr'>seqnitur</span> <span class='ocrx_word' id='word_1_444' title='bbox 1594 4613 1788 4712; x_wconf 82' lang='lat' dir='ltr'>alia,</span> <span class='ocrx_word' id='word_1_445' title='bbox 1841 4613 2208 4713; x_wconf 81' lang='lat' dir='ltr'>aptissimo</span> <span class='ocrx_word' id='word_1_446' title='bbox 2260 4616 2602 4714; x_wconf 87' lang='lat' dir='ltr'>exemplo</span> <span class='ocrx_word' id='word_1_447' title='bbox 2657 4614 3052 4692; x_wconf 85' lang='lat' dir='ltr'>illustrata.</span> <span class='ocrx_word' id='word_1_448' title='bbox 3113 4617 3467 4714; x_wconf 87' lang='lat' dir='ltr'>Namque</span> <span class='ocrx_word' id='word_1_449' title='bbox 3518 4612 3711 4692; x_wconf 81' lang='lat' dir='ltr'>illud</span> <span class='ocrx_word' id='word_1_450' title='bbox 3764 4605 3958 4685; x_wconf 84' lang='lat' dir='ltr'>idem</span> <span class='ocrx_word' id='word_1_451' title='bbox 3991 4660 4018 4704; x_wconf 91' lang='lat'>,</span> 
     </span>
     <span class='ocr_line' id='line_1_43' title="bbox 830 4711 4017 4816; baseline -0.004 -21"><span class='ocrx_word' id='word_1_452' title='bbox 830 4714 1078 4814; x_wconf 85' lang='lat' dir='ltr'>inquit</span> <span class='ocrx_word' id='word_1_453' title='bbox 1134 4715 1515 4813; x_wconf 88' lang='lat' dir='ltr'>Aquinas,</span> <span class='ocrx_word' id='word_1_454' title='bbox 1566 4714 1755 4812; x_wconf 78' lang='lat' dir='ltr'>quod</span> <span class='ocrx_word' id='word_1_455' title='bbox 1810 4714 2187 4794; x_wconf 84' lang='lat' dir='ltr'>inducitur</span> <span class='ocrx_word' id='word_1_456' title='bbox 2243 4716 2323 4794; x_wconf 86' lang='lat' dir='ltr'>in</span> <span class='ocrx_word' id='word_1_457' title='bbox 2377 4717 2702 4794; x_wconf 78' lang='lat' dir='ltr'>animum</span> <span class='ocrx_word' id='word_1_458' title='bbox 2756 4715 3098 4816; x_wconf 67' lang='lat' dir='ltr'>discipuli</span> <span class='ocrx_word' id='word_1_459' title='bbox 3149 4745 3194 4792; x_wconf 93' lang='lat' dir='ltr'>a</span> <span class='ocrx_word' id='word_1_460' title='bbox 3246 4717 3538 4795; x_wconf 78' lang='lat' dir='ltr'>docente</span> <span class='ocrx_word' id='word_1_461' title='bbox 3587 4768 3622 4809; x_wconf 80' lang='lat'>,</span> <span class='ocrx_word' id='word_1_462' title='bbox 3666 4711 3821 4815; x_wconf 85' lang='lat' dir='ltr'>ipsa</span> <span class='ocrx_word' id='word_1_463' title='bbox 3873 4717 4017 4786; x_wconf 90' lang='lat' dir='ltr'>Do-</span> 
     </span>
     <span class='ocr_line' id='line_1_44' title="bbox 804 4807 4022 4916; baseline -0.003 -22"><span class='ocrx_word' id='word_1_464' title='bbox 804 4815 1059 4910; x_wconf 58' lang='lat' dir='ltr'>¹&amp;oris</span> <span class='ocrx_word' id='word_1_465' title='bbox 1084 4814 1409 4913; x_wconf 72' lang='lat' dir='ltr'>scientia</span> <span class='ocrx_word' id='word_1_466' title='bbox 1459 4814 1852 4912; x_wconf 73' lang='lat' dir='ltr'>continet·,</span> <span class='ocrx_word' id='word_1_467' title='bbox 1891 4814 2059 4912; x_wconf 46' lang='lat' dir='ltr'>‘nili</span> <span class='ocrx_word' id='word_1_468' title='bbox 2110 4817 2358 4896; x_wconf 76' lang='lat' dir='ltr'>doce-at</span> <span class='ocrx_word' id='word_1_469' title='bbox 2411 4817 2593 4912; x_wconf 62' lang='lat' dir='ltr'>fibla</span> <span class='ocrx_word' id='word_1_470' title='bbox 2631 4847 2645 4895; x_wconf 76' lang='grc' dir='ltr'>ε</span> <span class='ocrx_word' id='word_1_471' title='bbox 2720 4818 2910 4916; x_wconf 80' lang='lat' dir='ltr'>quod</span> <span class='ocrx_word' id='word_1_472' title='bbox 2984 4819 3075 4897; x_wconf 83' lang='lat' dir='ltr'>de</span> <span class='ocrx_word' id='word_1_473' title='bbox 3129 4826 3285 4897; x_wconf 63' lang='lat' dir='ltr'>Deo</span> <span class='ocrx_word' id='word_1_474' title='bbox 3337 4813 3541 4911; x_wconf 61' lang='lat' dir='ltr'>nefas</span> <span class='ocrx_word' id='word_1_475' title='bbox 3591 4807 3692 4914; x_wconf 82' lang='lat' dir='ltr'>est</span> <span class='ocrx_word' id='word_1_476' title='bbox 3742 4812 4022 4916; x_wconf 63' lang='lat' dir='ltr'>dicere.</span> 
     </span>
     <span class='ocr_line' id='line_1_45' title="bbox 842 4905 4098 5022; baseline -0 -23"><span class='ocrx_word' id='word_1_477' title='bbox 842 4916 1078 5017; x_wconf 81' lang='lat' dir='ltr'>Atqui</span> <span class='ocrx_word' id='word_1_478' title='bbox 1126 4917 1377 5019; x_wconf 84' lang='lat' dir='ltr'>princi</span> <span class='ocrx_word' id='word_1_479' title='bbox 1428 4915 1661 4996; x_wconf 88' lang='lat' dir='ltr'>iorum</span> <span class='ocrx_word' id='word_1_480' title='bbox 1712 4905 2160 4997; x_wconf 63' lang='lat' dir='ltr'>naturaliter</span> <span class='ocrx_word' id='word_1_481' title='bbox 2229 4942 2561 4998; x_wconf 87' lang='lat' dir='ltr'>notorum</span> <span class='ocrx_word' id='word_1_482' title='bbox 2613 4921 2928 5019; x_wconf 83' lang='lat' dir='ltr'>cognitio</span> <span class='ocrx_word' id='word_1_483' title='bbox 3006 4919 3204 4999; x_wconf 86' lang='lat' dir='ltr'>nobis</span> <span class='ocrx_word' id='word_1_484' title='bbox 3256 4916 3629 5022; x_wconf 80' lang='lat' dir='ltr'>divinitus</span> <span class='ocrx_word' id='word_1_485' title='bbox 3679 4910 3781 5006; x_wconf 65' lang='lat' dir='ltr'>cll</span> <span class='ocrx_word' id='word_1_486' title='bbox 3831 4907 4022 5000; x_wconf 53' lang='lat' dir='ltr'>india</span> <span class='ocrx_word' id='word_1_487' title='bbox 4061 4942 4098 4960; x_wconf 89' lang='grc'>··</span> 
     </span>
     <span class='ocr_line' id='line_1_46' title="bbox 798 4937 4018 5140; baseline -0.002 -29"><span class='ocrx_word' id='word_1_488' title='bbox 798 5041 978 5120; x_wconf 79' lang='lat' dir='ltr'>.·ta,</span> <span class='ocrx_word' id='word_1_489' title='bbox 1027 5045 1189 5140; x_wconf 77' lang='lat' dir='ltr'>cuni</span> <span class='ocrx_word' id='word_1_490' title='bbox 1243 5018 1272 5098; x_wconf 87' lang='lat' dir='ltr'>i</span> <span class='ocrx_word' id='word_1_491' title='bbox 1298 4937 1423 5124; x_wconf 69' lang='lat' dir='ltr'>sep</span> <span class='ocrx_word' id='word_1_492' title='bbox 1443 5029 1650 5109; x_wconf 76' lang='lat' dir='ltr'>Deus</span> <span class='ocrx_word' id='word_1_493' title='bbox 1677 5015 1791 5126; x_wconf 80' lang='lat' dir='ltr'>sit</span> <span class='ocrx_word' id='word_1_494' title='bbox 1830 5020 2092 5110; x_wconf 58' lang='lat' dir='ltr'>auster</span> <span class='ocrx_word' id='word_1_495' title='bbox 2137 5018 2389 5128; x_wconf 86' lang='lat' dir='ltr'>nostrae</span> <span class='ocrx_word' id='word_1_496' title='bbox 2436 5046 2714 5118; x_wconf 78' lang='lat' dir='ltr'>naturae</span> <span class='ocrx_word' id='word_1_497' title='bbox 2750 5050 2774 5122; x_wconf 79' lang='lat'>3</span> <span class='ocrx_word' id='word_1_498' title='bbox 2829 5047 2926 5110; x_wconf 71' lang='lat' dir='ltr'>ac</span> <span class='ocrx_word' id='word_1_499' title='bbox 2978 5022 3346 5126; x_wconf 75' lang='lat' dir='ltr'>rationem</span> <span class='ocrx_word' id='word_1_500' title='bbox 3400 5014 3808 5115; x_wconf 83' lang='lat' dir='ltr'>indiderit,</span> <span class='ocrx_word' id='word_1_501' title='bbox 3857 5038 4018 5122; x_wconf 56' lang='lat' dir='ltr'>qua}</span> 
     </span>
     <span class='ocr_line' id='line_1_47' title="bbox 966 5141 4029 5206; baseline -0.009 0"><span class='ocrx_word' id='word_1_502' title='bbox 966 5195 974 5206; x_wconf 88' lang='lat'>.</span> <span class='ocrx_word' id='word_1_503' title='bbox 1206 5178 1208 5181; x_wconf 57' lang='lat'>&gt;</span> <span class='ocrx_word' id='word_1_504' title='bbox 2661 5145 2674 5150; x_wconf 79' lang='grc'><strong>”</strong></span> <span class='ocrx_word' id='word_1_505' title='bbox 3589 5155 3596 5158; x_wconf 90' lang='grc'>-</span> <span class='ocrx_word' id='word_1_506' title='bbox 3902 5141 4029 5196; x_wconf 77' lang='lat' dir='ltr'>ve.</span> 
     </span>
    </p>
   </div>
  </div>
 </body>
</html>
