4597 5696
752 353 867 432 136

706 461 1117 564 formam.
1174 471 1329 554 111ae
1359 472 1621 592 ‚igitur
1672 507 1785 563 res
1853 481 1938 562 in
2010 483 2288 586 quibus

742 593 909 651 non
960 571 1067 690 eit
1112 591 1477 676 materia,
1530 583 1652 663 vel
1709 583 1757 662 fi
1812 583 1963 682 est,
2010 585 2289 666 nonest

851 671 1112 755 Εἰδὼς
1177 678 1272 757 ad
1350 680 1583 762 aliam
1658 684 1975 767 formam
2024 741 2055 784 ‚
2129 703 2287 768 non

746 874 769 889 ·
810 773 1040 890 abent
1091 783 1518 879 potentiam
1573 788 1663 867 ad
1720 807 1877 868 non
1929 791 2106 870 effe:
2165 817 2289 870 eas

746 900 775 954 ι
834 893 1013 1060 rtufr
1035 878 1473 982 simpliciter
1520 889 1595 969 8<
1647 890 1985 974 absolute
2012 895 2290 972 necess'e

738 1001 827 1066 C.-
901 1005 942 1059 e
1001 1005 1096 1062 e.

734 1125 739 1128 -
849 1082 927 1162 Si
979 1101 1234 1166 autem
1286 1091 1583 1174 dicatur
1627 1148 1656 1191 ‚
1725 1094 1930 1197 quod
1981 1120 2069 1175 ea
2119 1120 2286 1197 quat

746 1179 1058 1304 sunt-ent
1114 1190 1404 1292 nihilo,
1453 1215 1827 1294 quantum
1879 1195 1981 1278 est
2031 1198 2123 1276 de
2173 1197 2290 1296 se,

747 1309 832 1401 ιη
883 1287 1220 1370 nihilum
1275 1295 1636 1392 tendunt3
1702 1301 1775 1378 8<
1842 1298 1940 1378 fic
1995 1298 2073 1377 in
2127 1324 2286 1379 om·

746 1387 973 1469 rubus
1024 1397 1383 1476 creaturis
1435 1395 1620 1479 inest
1657 1401 1998 1500 potentia
2021 1401 2110 1478 ad
2134 1415 2286 1480 non

742 1489 940 1605 effe:
992 1494 1465 1610 manifestum
1518 1501 1618 1580 est
1645 1556 1672 1598 ‚
1752 1501 1902 1582 hoc
1983 1529 2135 1582 non
2190 1503 2288 1580 se-

743 1612 884 1689 qm
918 1647 938 1669 .
994 1597 1380 1680 Dicuntur
1446 1603 1651 1683 enirn
1723 1627 1839 1683 res
1910 1621 2170 1683 creatae
2242 1628 2286 1682 a

745 1690 962 1804 Deo,
1011 1720 1107 1776 eo
1155 1701 1386 1781 modo
1438 1702 1518 1781 in
1573 1704 1903 1783 nihilum
1981 1706 2280 1784 tendere

738 1813 897 1892 quo
946 1795 1115 1878 sunt
1168 1828 1258 1882 ex
1312 1803 1619 1900 nihilo3
1686 1807 1891 1906 quod
1971 1808 2276 1907 quidem

737 1918 897 1974 non
972 1899 1072 2015 est
1149 1902 1287 1983 nifi
1356 1904 1760 1987 secundum
1860 1904 2275 2008 potentiam

739 2017 1081 2117 agentis.
1137 2005 1258 2084 Sic
1312 2007 1548 2106 igitur
1600 2010 1673 2087 8<
1725 2009 1947 2089 rebus
2013 2009 2279 2090 creatis

726 2119 898 2177 non
950 2103 1137 2183 mest
1194 2112 1532 2205 potentia
1583 2110 1677 2189 ad
1729 2135 1885 2188 non
1938 2114 2121 2207 effe,
2157 2110 2276 2188 sed

1370 352 1508 419 DE
1566 349 2136 419 vnn-Art
2193 333 2923 422 cir-raonem
2984 358 3295 430 mom

2393 486 2611 568 hibet
2662 483 2954 588 aliquid
2981 483 3145 562 'esse
3220 482 3499 561 necesse
3568 481 3774 584 quod
3827 494 3937 565 ta·

2393 614 2571 669 men
2622 591 2764 671 suae
2819 580 3266 667 neceffitatis
3316 583 3938 683 causam,habet‚

2395 690 2580 771 ficut
2631 688 3139 772 conclufiones
3190 684 3930 766 demonstrationum.

2396 794 2626 873 Nihil
2680 793 2914 895 igitur
2986 788 3346 890 prohibet
3414 787 3764 889 quasdam
3818 812 3933 869 res

2390 894 2488 974 fic
2542 896 2686 976 effe
2742 891 3136 994 produfitas
3188 918 3232 970 a
3286 893 3486 986 Dec,
3540 906 3624 968 ut
3676 905 3935 970 tamen

2393 1006 2518 1076 ea‘s
2571 1000 2711 1075 effe
2763 996 2850 1075 {it
2904 996 3183 1074 neceffe
3238 989 3675 1091 fimpliciter
3707 1019 3742 1091 ;
3794 991 3937 1070 im-

2389 1123 2521 1178 rno
2573 1102 2719 1178 hoc
2742 1095 3012 1174 divinae
3034 1089 3471 1196 perfeffloni
3493 1092 3877 1176 attestatur
3911 1147 3936 1172 .

2444 1301 2461 1318 .
2493 1227 2565 1299 4.
2610 1198 2977 1318 ,Amplius
3011 1252 3032 1274 .
3088 1198 3409 1295 Quanto
3458 1195 3562 1276 ali
3620 1194 3749 1312 uid
3778 1220 3936 1274 ma-

2388 1328 2503 1484 {21⁸
2541 1299 2924 1498 3235&
2952 1295 3506 1496 [ἓῧῑὲἓῖἀοὲξ
3540 1297 3938 1479 εξηέἕῖἓὲἶ

2390 1507 2511 1607 gis
2595 1504 3103 1606 propinquum
3173 1497 3276 1578 est
3345 1501 3439 1580 ad
3506 1526 3660 1579 non
3712 1502 3933 1598 effe3

2390 1616 2679 1709 quanto
2749 1621 3004 1685 autem
3083 1598 3371 1704 aliquid
3439 1600 3540 1679 est
3629 1601 3933 1701 propin-³

2383 1709 2607 1811 quius
2663 1713 2831 1788 Deo
2867 1759 2896 1802 ‚
2947 1722 3159 1786 tanto
3211 1702 3457 1803 magis
3513 1703 3795 1783 recedit
3881 1730 3929 1785 a

2385 1837 2533 1891 non
2589 1811 2751 1889 effe.
2808 1809 2997 1908 Quae
3050 1823 3305 1887 autem
3339 1803 3491 1905 jam
3516 1805 3728 1902 sunt,
3767 1829 3929 1904 pro-

2384 1913 2670 2015 pinqua
2720 1911 2892 1990 sunt
2943 1908 3036 1987 ad
3089 1934 3243 1987 non
3316 1908 3458 1985 effe
3495 1961 3525 2001 ‚
3597 1931 3728 2009 per
3777 1907 3930 1990 hoc

2382 2015 2586 2115 quod
2638 2013 2917 2092 habent
2971 2009 3394 2110 potentiam
3448 2008 3540 2088 ad
3584 2035 3740 2088 non
3760 2009 3927 2090 effe.

2384 2114 2819 2214 Illa-igitur
2890 2137 3054 2211 quae
3125 2111 3296 2190 sunt
3367 2115 3538 2189 Deo
3625 2112 3929 2211 propin·

734 2199 1076 2280 Creatori
1131 2204 1315 2284 inest
1404 2209 1745 2306 potentia
1816 2231 1900 2289 ut
1966 2211 2077 2290 eis
2148 2213 2277 2288 det

733 2299 923 2396 esse,
974 2304 1098 2384 vel
1150 2304 1260 2386 eis
1309 2307 1590 2387 definat
1659 2311 1798 2390 effe
1874 2310 2189 2391 influere
2242 2336 2269 2403 3
2372 2314 2826 2408 motisfima‚
2880 2311 3063 2392 talia
3112 2311 3252 2388 effe
3287 2311 3753 2407 oportet‚ad
3772 2314 3921 2393 hoc

724 2421 971 2499 quum
1025 2432 1182 2485 non
1234 2433 1328 2486 ex
1378 2409 1799 2490 necestitate
1864 2426 2146 2492 naturae
2197 2438 2270 2489 a·
2372 2414 2577 2515 quod
2629 2413 2718 2493 fit
2769 2412 2954 2490 ordo
3006 2434 3251 2488 rerum
3304 2433 3476 2488 com
3534 2411 3782 2509 lenm,
3827 2427 3924 2496 ut

716 2520 862 2599 gat
912 2504 1004 2584 ad
1058 2532 1301 2588 rerum
1352 2508 1966 2611 produffionem‚
2015 2511 2136 2592 sed
2173 2536 2267 2592 ex
2373 2516 2456 2595 in
2509 2515 2616 2597 eis
2670 2540 2825 2594 non
2876 2511 2971 2591 fit
3023 2508 3364 2610 potentia
3418 2536 3458 2588 a
3564 2533 3719 2592 non
3747 2516 3918 2596 effe.

732 2605 1182 2709 voluntate,
1233 2629 1318 2692 ut
1371 2614 1399 2713 (
1436 2638 1596 2717 cap.
1649 2614 1986 2720 xxrrt.)
2036 2612 2268 2694 osten·
2369 2616 2597 2700 Talia
2647 2632 2904 2697 autem
2960 2610 3130 2692 sunt
3180 2612 3578 2695 neceffaria
3626 2614 3919 2699 absolu-

724 2704 891 2788 ium
941 2711 1045 2791 est
1074 2770 1095 2790 .
1450 2781 1477 2796 ..
2373 2734 2452 2800 te
2488 2776 2507 2796 .
2563 2717 2688 2800 Sic
2739 2715 2977 2818 igitur
3027 2712 3282 2813 aliqua
3331 2729 3583 2796 creata
3647 2715 3745 2797 de
3792 2742 3920 2800 ne·

722 2850 764 2861 -·
831 2840 901 2888 2.
959 2816 1192 2895 Item.
1249 2819 1367 2896 Ex
1420 2841 1575 2918 quo
1627 2841 1741 2897 res
1792 2832 2107 2915 creatae‚
2179 2842 2273 2899 ex
2375 2820 2705 2904 cessitate
2759 2817 3047 2899 habent
3097 2815 3279 2895 effe.
3813 2869 3820 2875 -

722 2908 990 2992 divina
1046 2918 1441 2998 voluntate
1499 2920 1577 2997 in
1622 2921 1773 3000 effe
1827 2920 2265 3019 procedunt,
2469 2920 2875 3003 Sciendum
2927 2916 3032 2997 est
3082 2916 3340 3018 itaque
3370 2970 3399 3012 ‚
3448 2918 3652 3018 quod
3701 2918 3756 3001 fi
3809 2946 3922 3005 re·

721 3028 1037 3110 oportet·
1077 3041 1201 3095 eas
1254 3019 1441 3097 tales
1495 3022 1677 3115 effe,
1732 3022 1985 3114 quales
2055 3025 2265 3100 Deus
2369 3049 2539 3104 rum
2589 3037 3008 3103 creatamm
3078 3016 3518 3098 univerfitas
3591 3022 3919 3107 confide-

716 3135 851 3192 eas
901 3117 1043 3193 effe
1093 3118 1383 3196 voluit.
1438 3122 1575 3198 Per
1608 3119 1750 3199 hoc
1769 3137 2025 3200 autern
2054 3119 2261 3221 quod
2365 3144 2610 3220 retur,
2663 3139 2887 3223 prout
2938 3118 3107 3199 sunt
3160 3146 3204 3198 a
3228 3117 3480 3225 primo
3502 3120 3909 3227 principio,

720 3211 1040 3314 dicitur,
1091 3221 1340 3298 Deum
1396 3220 1806 3320 produxiffe
1856 3245 2119 3322 reaper
2134 3248 2264 3301 vo—
2365 3222 2862 3311 inveniuntur
2909 3221 3322 3321 dependere
3392 3247 3488 3302 ex
3560 3226 3908 3307 volunta·

718 3313 1134 3417 luntatem‚
1184 3345 1338 3400 non
1369 3346 1503 3421 per
1521 3323 2070 3421 necessitatern‚
2106 3348 2258 3402 non
2361 3342 2480 3423 te,
2529 3351 2684 3405 non
2736 3351 2829 3405 ex
2877 3322 3302 3404 necestitate
3341 3323 3913 3425 principii,nist

719 3418 1019 3500 tollitur
1068 3421 1278 3522 ‚quin
1369 3423 1698 3504 voluerit
1784 3423 2079 3526 aliquas
2146 3449 2259 3505 res
2361 3427 2789 3511 necestitate
2838 3423 3425 3525 suppositionis,
3472 3442 3561 3507 ut
3612 3427 3909 3513 dietum

716 3520 870 3601 effe
916 3546 1087 3623 quae
1138 3522 1230 3602 de
1282 3523 1705 3606 necestitate
1751 3523 1939 3622 fiat,
1986 3526 2064 3606 8<
2130 3525 2265 3606 ali·
2367 3528 2514 3610 est.
2570 3528 2650 3610 Si
2701 3553 2884 3607 vero
2934 3544 3466 3625 comparentur
3513 3527 3607 3606 ad
3634 3531 3907 3627 princi-

720 3648 912 3725 quas
1018 3649 1131 3705 ua
1181 3624 1324 3705 {int
1377 3627 1945 3727 contingenter,
1993 3628 2088 3707 ad
2118 3628 2267 3709 hoc
2367 3631 2497 3734 pia
2549 3629 2949 3733 proxima,
2998 3627 3904 3710 inveniuntur-necestita-

716 3724 929 3825 quod
1007 3742 1068 3805 rt
1119 3726 1203 3804 in
1255 3726 1471 3806 rebus
1524 3724 1906 3808 diversitas
1969 3727 2261 3809 ordina·
2365 3750 2520 3813 tem
2571 3731 2854 3811 habere
2905 3725 3364 3806 absolutam:
3419 3724 3617 3804 nihil
3685 3728 3898 3810 enim

713 3839 800 3906 ta
837 3879 857 3901 .
914 3823 1146 3904 Nihil
1201 3825 1441 3927 igitur
1491 3826 1842 3926 prohibet
1915 3852 2029 3908 res
2082 3854 2259 3929 qua·
2362 3832 2713 3932 prohibet
2763 3827 2866 3910 ali
2925 3850 3019 3904 ua
3074 3824 3439 3925 principia
3478 3851 3637 3906 non
3655 3854 3747 3911 ex
3773 3857 3901 3913 ne-

713 3925 927 4007 sdam
1001 3924 1274 4006 divina
1338 3931 1733 4010 voluntate
1810 3926 2257 4032 protinam
2357 3933 2689 4013 cessitat'e
2739 3955 2787 4029 p
2922 3924 3097 4021 ucis
3146 3926 3421 4027 quibus
3475 3943 3728 4010 tamen
3770 3957 3900 4032 po-

710 4028 1147 4111 neceffarias
1196 4030 1340 4110 ess'e
1374 4085 1395 4107 .
2355 4034 2569 4130 sitis,
2615 4032 2707 4111 de
2759 4025 3184 4109 necestitate
3228 4022 3558 4128 sequitur
3589 4033 3759 4111 talis
3790 4033 3896 4113 ef·
3973 4126 3976 4127 ⁷

772 4178 775 4183 -
824 4159 893 4233 3.
944 4132 1256 4213 Adhuc.
1310 4132 1438 4213 Ad
1486 4129 1831 4214 divinam
1869 4129 2251 4235 perfefflo-
2352 4134 2636 4221 seausz
2685 4131 2884 4211 sicut
2934 4153 3135 4208 mors
3188 4131 3537 4214 animalis
3602 4133 3824 4232 hujus
3857 4190 3896 4235 ,,

704 4253 888 4310 nem
942 4234 1267 4331 pertinet
1298 4234 1733 4336 quodrebus
1749 4234 2021 4316 creatis
2045 4234 2251 4316 suam
2354 4234 2858 4317 neceffitatem
2929 4229 3357 4311 absolutam
3425 4233 3652 4316 habet
3725 4260 3895 4337 pro·

704 4330 1282 4414 iimilitudinem
1339 4336 1744 4433 indiderit,
1828 4336 1960 4415 nifi
2014 4361 2248 4436 quan·
2351 4354 2513 4436 pter
2564 4337 2705 4415 hoc
2760 4334 2967 4434 quod
3020 4330 3170 4428 iam
3225 4358 3319 4414 ex
3368 4337 3891 4419 contrariisest

710 4445 875 4513 tum
928 4432 1022 4512 ad
1068 4434 1205 4515 illa
1253 4434 1891 4540 quae'repugnant
1940 4435 2015 4514 ei
2042 4436 2249 4537 quod
2347 4435 2859 4538 compositum
2892 4488 2923 4531 ‚
3013 4435 3368 4535 quamvis
3453 4436 3483 4515 i
3539 4437 3704 4517 sum
3797 4461 3898 4519 ex

710 4532 815 4614 est
862 4534 1007 4613 effe
1059 4556 1438 4615 creatum-2
1491 4540 1783 4639 agentis
1835 4538 2042 4619 enirn
2097 4544 2255 4637 per·
2354 4535 2756 4621 contrariis
2804 4536 3208 4637 componi,
3258 4560 3416 4615 non
3553 4538 3718 4623 iffet
3768 4565 3896 4621 ne·

710 4632 891 4714 festi
941 4633 1042 4715 est
1145 4637 1494 4720 reducere
1546 4640 1675 4720 fibi
1699 4640 1941 4722 fimile
1970 4694 1999 4737 ‚
2024 4662 2258 4739 quan·
2358 4638 2750 4721 cestarium
2804 4638 3179 4721 absolute.
3233 4638 3601 4722 Similiter
3633 4656 3896 4722 autem

706 4748 877 4817 tum
936 4760 986 4837 p
1092 4738 1277 4817 xbile
1329 4739 1431 4818 est
1467 4797 1488 4818 .
1568 4745 1737 4822 Esse
1803 4760 2061 4825 autern
2129 4765 2254 4823 ne·
2412 4744 2562 4823 uod
2613 4742 2797 4822 tales
2850 4764 3098 4819 rerum
3151 4758 3433 4823 naturae
3469 4768 3512 4820 a
3539 4745 3708 4825 Deo
3731 4766 3902 4845 pro·

705 4838 891 4919 ceffe
949 4838 1388 4943 fimpiiciter
1419 4895 1450 4938 ‚
1516 4868 1671 4922 non
1746 4859 2114 4945 repugnat
2163 4842 2259 4922 ad
2351 4767 3414 4940 ducerentur‚.voluntarium
3465 4840 3657 4938 fuit3
3690 4840 3902 4948 quod

699 4940 895 5026 ratio
912 4967 1092 5029 nem
1143 4946 1283 5031 esse
1331 4944 1604 5028 creati:
1636 4941 1837 5029 nihil
1860 4947 2068 5028 ‘enim
2095 4970 2265 5050 pro-
2357 4963 2621 5033 autem
2670 4944 2782 5032 eis
2830 4943 2945 5031 sic
3010 4942 3305 5030 statutis
3374 4941 3706 5052 aliquid.
3739 4968 3909 5047 pro·
4050 4960 4058 4966 ·

1432 5102 1441 5109 .
2635 5116 2642 5123 .
3798 5065 3928 5126 ve·

2382 2213 2775 2316 quinium,
2822 2213 2900 2291 &
2953 2235 3085 2310 per
3137 2211 3288 2288 hoc
3344 2235 3389 2287 a
3442 2235 3598 2287 non
3646 2213 3787 2290 esse
3817 2237 3926 2292 re·

2120 5163 2283 5215 V·-
