4597 5696
808 399 894 463 16

804 522 972 575 ‚non
1019 494 1117 577 sit
1165 487 1548 589 procedere
1601 492 1682 571 in
1736 491 2111 576 infinitum
2131 551 2158 593 ‚
2196 522 2356 598 pro·

808 596 937 676 bat
988 593 1216 673 tribus
1267 590 1672 675 rationibus
1719 651 1740 672 .
2038 620 2045 625 ·

904 698 1269 795 Quarum«
1322 691 1558 790 prima
1629 694 1795 776 talis
1867 695 1965 775 est
2018 753 2037 772 .
2085 697 2119 794 (
2174 701 2351 777 VII.

793 792 1013 900 Phys.
1086 819 1133 870 a
1182 798 1371 870 τεχτ.
1428 820 1709 875 comm.
1775 824 1806 874 1
1827 824 1857 875 1
1879 824 1934 875 1.
1990 797 2210 896 usque
2261 799 2354 878 ad

801 921 886 978 κ.
931 897 962 993 )
1014 896 1094 978 Si
1146 893 1228 970 in
1277 897 1685 976 motoribus
1711 950 1738 993 ‚
1784 897 1862 976 8(
1914 900 2138 978 motis
2188 922 2352 1018 prp-

796 997 1089 1074 ceditur-
1134 993 1215 1071 in
1268 992 1641 1076 infinitum
1677 1051 1703 1090 ‚
1755 1007 2046 1098 oportet
2095 1022 2352 1078 omma

788 1094 1219 1191 huiusmodi
1248 1118 1253 1129 ‘
1274 1092 1563 1174 infinita
1614 1123 1916 1199 corpora
1966 1099 2106 1177 effe
2127 1153 2152 1192 ,
2173 1099 2351 1198 quia

790 1222 1020 1281 omne
1070 1196 1270 1297 quod
1320 1214 1659 1275 movetur
1709 1252 1737 1293 ‚
1788 1198 1888 1276 est
1939 1198 2301 1278 divisibile
2324 1252 2350 1293 ‚

794 1296 873 1374 8(
925 1322 1183 1396 corpus
1210 1347 1235 1385 ‚
1262 1313 1371 1374 -ut
1423 1299 1765 1396 probatur
1817 1299 1896 1375 in
1936 1304 2085 1378 2VI.
2126 1298 2346 1404 Phys.

788 1394 829 1494 (
878 1411 1052 1474 text.
1103 1418 1293 1474 com.
1346 1422 1580 1475 χχχιι
1710 1399 1787 1477 8(
1842 1397 2118 1497 infra.)
2157 1402 2344 1478 Om-

794 1520 891 1574 ne
942 1513 1199 1574 autem·
1229 1521 1487 1596 corpus
1529 1425 1725 1598 qh
1768 1518 2022 1578 movet
2053 1517 2344 1579 motum

782 1595 1010 1675 -fimul
1060 1598 1234 1675 dum
1288 1615 1615 1693 movet‘‚
1667 1618 2007 1679 movetur
2056 1656 2075 1676 .
2144 1604 2349 1699 Ergo

788 1695 1052 1777 omnia
1105 1697 1237 1776 issa
1280 1696 1582 1776 <infinita
1635 1698 1842 1777 timul
1896 1717 2287 1779 moventur
2319 1754 2347 1795 ‚

782 1798 970 1877 dum
1041 1822 1276 1877 unum
1368 1824 1624 1878 eorum
1700 1817 2042 1879 movetur
2090 1856 2110 1878 .
2209 1803 2350 1880 Sed

774 1918 1029 1977 ⁸unum
1081 1924 1388 1994 eorum,
1438 1926 1612 1980 cum
1663 1900 1750 1979 fit
1801 1900 2137 1996 finitum,
2190 1927 2349 1979 mo-

778 2016 1009 2076 -vetur
1079 2012 1411 2100 tempore
1485 2000 1701 2078 finito
1751 2056 1771 2076 .
1822 2001 1851 2095 (
1907 2006 2081 2080 VII.
2136 2001 2346 2103 Phys.

787 2111 970 2176 text.
1023 2124 1295 2176 comm.
1349 2126 1573 2176 v111.
1624 2101 1700 2175 8(
1756 2097 1941 2175 infra
1986 2156 2006 2175 .
2061 2099 2088 2194 )
2143 2102 2348 2197 Ergo

788 2198 1047 2276 omnia
1097 2198 1227 2276 illa
1279 2199 1570 2277 infinita
1621 2215 2015 2276 moventur
2065 2215 2345 2294 tempo-

787 2319 871 2374 re
922 2297 1142 2377 finito
1192 2354 1211 2376 .
1268 2301 1439 2378 Hoc
1486 2309 1734 2376 autem
1789 2298 1886 2376 est
1941 2298 2338 2398 impossibi-

786 2396 901 2477 le.
929 2404 1130 2499 Ergo
1181 2399 1621 2499 impoffibile
1673 2399 1768 2476 est
1818 2402 2016 2498 quod
2061 2399 2139 2475 in
2183 2424 2340 2478 mo·

785 2500 1072 2579 toribus
1123 2553 1149 2597 ‚
1200 2501 1274 2578 8(
1326 2501 1573 2581 motis·
1605 2502 2028 2601 procedatur
2079 2499 2159 2576 in
2232 2499 2338 2577 in-

780 2597 1085 2680 finitum
1137 2657 1155 2678 .
1213 2603 1446 2700 Quod
1488 2620 1734 2681 autem
1788 2598 1872 2681 fit
1942 2599 2337 2701 impossibi·

773 2697 850 2778 le
900 2702 1099 2801 quod
1150 2701 1440 2781 infinita
1493 2702 1831 2805 praedicta
1901 2719 2338 2780 moveantur

771 2815 1106 2900 tempore
1159 2801 1424 2897 finito,
1477 2805 1570 2884 fic
1623 2804 1916 2905 probat.
1977 2806 2327 2899 Movens‚

768 2899 850 2975 8(
900 2919 1188 2978 motum
1228 2920 1520 3002 oportet
1560 2908 1700 2981 esse
1742 2904 2002 2997 simul,
2045 2919 2129 2982 ut
2166 2928 2327 3002 pro-

774 3000 904 3078 bat
956 3001 1366 3081 inducendo
1424 3004 1515 3100 in
1587 3003 1880 3101 singulis
1953 3003 2319 3101 speciebus

770 3117 1022 3178 *motus
1073 3158 1094 3176 .
1150 3105 1289 3181 Sed
1341 3127 1645 3201 corpora
1695 3128 1847 3180 non
1900 3103 2184 3202 poss'unt
2237 3103 2320 3180 fi-

771 3200 934 3278 mul
985 3203 1123 3278 effe
1174 3201 1309 3280 nisi
1362 3227 1490 3302 per
1539 3202 2099 3282 continuitatem
2121 3258 2147 3297 ‚
2196 3203 2319 3282 vel

770 3301 1406 3402 contignationem
1457 3360 1478 3380 .
1553 3309 1749 3384 Cum
1814 3327 1992 3401 ergo
2062 3306 2319 3381 omnia

759 3401 1109 3502 praedicta
1162 3406 1542 3483 moventia
1563 3460 1588 3502 ,
1628 3404 1700 3482 8(
1724 3422 1927 3483 mota
1979 3400 2117 3481 sint
2165 3428 2317 3481 cor-

761 3526 987 3603 pora,
1040 3520 1122 3583 ut
1170 3509 1559 3605 probatum
1603 3504 1747 3590 esta
1789 3520 2080 3604 oportet
2117 3504 2318 3602 quod

764 3603 906 3682 lint
1026 3606 1182 3683 uasi
1255 3631 1484 3684 unum
1557 3605 1836 3682 mobile
1910 3627 2038 3703 per
2086 3602 2316 3681 conti-

762 3630 1197 3783 nuatigflem
1233 3758 1258 3798 ‚
1308 3705 1428 3780 vel
1480 3702 2113 3801 contignationem
2164 3728 2190 3792 ς
2239 3702 2316 3778 8(

760 3803 869 3881 sic
924 3823 1159 3879 unum
1205 3803 1581 3879 infinitum
1633 3802 2052 3879 movebitur
2132 3817 2314 3876 tem·

762 3926 944 4003 pore
996 3901 1213 3980 finito
1265 3928 1288 3988 ς
1340 3903 1536 4002 quod
1626 3899 1723 3977 est
1799 3899 2233 3999 impossibile
2285 3953 2313 3995 ‚

765 4023 852 4082 ut
883 4005 1229 4105 probatur
1262 4008 1394 4083 VI.
1421 4001 1706 4105 Physic.
1726 4001 1754 4098 (
1777 4027 1822 4079 a
1842 4017 2014 4080 text.
2035 4024 2308 4082 comm.

742 4103 863 4188 bx:
918 4104 1139 4205 usque
1186 4107 1280 4182 ad
1332 4105 1574 4185 lxx1v.
1630 4104 1658 4200 )

764 4245 771 4252 ·
866 4207 1189 4284 Secunda
1214 4199 1426 4288 Tatio
1474 4206 1566 4282 ad
1619 4205 1812 4282 idem
1846 4203 2297 4303 probandum

758 4306 925 4386 talis
979 4305 1075 4383 est
1114 4362 1134 4382 .
1188 4307 1213 4402 (
1271 4310 1447 4384 VII.
1500 4305 1711 4408 Phys.
1780 4323 1950 4382 text.
2027 4328 2296 4381 comm.

709 4479 716 4486 .
759 4434 1081 4490 χχχιιι.
1132 4408 1205 4484 8(
1257 4426 1518 4484 xxxiv.
1573 4405 1600 4502 >
1654 4410 1742 4484 In
1806 4404 2303 4496 moventibus,

724 4509 832 4588 ⁹&
887 4508 1111 4587 motis
1184 4506 1532 4584 ordinatis
1584 4559 1609 4597 ,
1660 4528 1976 4605 quorum
2029 4501 2301 4582 scilicet

758 4634 991 4689 unum
1042 4629 1170 4707 per
1220 4607 1551 4683 ordinem
1578 4606 1697 4680 *ab
1746 4605 1897 4681 alio
1926 4615 2303 4697 movetur,

756 4714 904 4793 hoc
959 4709 1235 4787 necess‘e
1289 4706 1385 4782 est
1439 4704 1758 4784 inveniri
1808 4705 2001 4801 quod
2068 4724 2298 4780 remo-

748 4808 843 4895 to
915 4812 1161 4912 primo
1229 4823 1575 4892 movente
1626 4856 1654 4898 ‚
1706 4804 1825 4878 vel
1898 4806 2206 4880 cess'ante
2258 4826 2304 4877 a

717 4914 1093 5014 „motione
1144 4962 1172 5007 ,
1226 4906 1540 4986 ‘nullum
1631 4900 1947 4983 aliorum
2049 4907 2304 4986 move·

1404 386 1543 457 DE
1600 378 2182 454 VERITATE
2240 372 2988 451 CA-THOLICAE
3045 386 3352 457 FIDEI

2458 497 2613 593 bit,
2665 516 2901 674 neque
2953 496 3411 575 movebitur:
3447 492 3626 594 'quia
3673 490 4002 596 primum

2458 597 2572 690 est,
2630 625 2761 676 cau
2795 625 2836 675 a
2915 596 3290 675 movendi
3344 597 3685 676 omnibus
3755 601 3919 680 aliis
3981 654 4001 678 .

2455 702 2593 777 Sed
2642 701 2704 777 si
2760 699 2919 776 sunt
2971 696 3345 774 moventia
3394 749 3422 790 ‚
3470 696 3546 772 8(
3597 698 3800 777 mota
3871 725 4002 799 per

2451 800 2789 877 ordinem
2846 800 2925 875 in
2979 797 3358 873 infinitum
3398 849 3425 891 ‚
3477 821 3626 874 non
3679 801 3822 879 erit
3874 801 4007 877 ali-

2453 900 2650 998 quod
2725 900 3049 998 primum
3122 921 3429 974 movens
3473 922 3506 990 '‚
3560 896 3678 975 sed
3746 901 4002 979 omnia

2458 1016 2670 1077 erunt
2721 997 2926 1099 quasi
2979 997 3221 1075 media
3292 998 3671 1075 moventia
3711 1026 3739 1073 ·.
3797 1005 4003 1098 Ergo

2451 1100 2739 1177 nullum
2790 1100 3104 1197 aliorum
3171 1098 3441 1197 poterit
3512 1100 3798 1177 moveri
3851 1126 3876 1192 3
3926 1101 4002 1181 &

2449 1200 2556 1280 sic
2609 1200 2798 1276 nihil
2856 1197 3273 1276 movebitur
3324 1197 3404 1274 in
3456 1200 3733 1277 mundo
3770 1257 3790 1276 .

2554 1300 2812 1377 Tertia
2871 1298 3208 1398 probatio
3260 1298 3338 1375 in
3392 1298 3589 1376 idem
3641 1298 4006 1396 redit,ni-

2445 1402 2506 1480 si
2559 1403 2755 1499 quod
2831 1399 2929 1476 est
2983 1398 3236 1475 ordine
3288 1399 3763 1478 transmutato
3814 1455 3840 1494 ‚
3895 1402 4005 1478 in·

2447 1501 2786 1599 cipiendo
2863 1499 3135 1581 scilicet
3183 1525 3229 1575 a
3299 1498 3645 1597 superiori
3695 1553 3723 1594 ‚
3774 1502 3846 1579 8(
3896 1498 4005 1579 est

2452 1603 2617 1678 talis
2662 1659 2679 1677 .
2723 1602 2758 1697 (
2814 1603 3027 1679 VIII.
3082 1597 3292 1700 Phys.
3347 1615 3516 1676 text.
3569 1626 3779 1678 xxxv.
3834 1601 3862 1698 )
3917 1602 4006 1682 ld

2446 1702 2643 1799 quod
2716 1719 2970 1778 movet
3057 1697 3699 1778 instrumentaliter
3748 1754 3775 1794 ‚
3846 1727 4002 1779 non

2457 1799 2686 1899 potest
2740 1824 3083 1892 movere,
3131 1800 3278 1877 nisi
3329 1799 3426 1877 sit
3475 1800 3752 1900 aliquid
3802 1803 4000 1900 quod

2449 1900 2948 2000 principaliter
2998 1902 3296 2000 moveat
3343 1958 3363 1977 .
3419 1900 3558 1979 Sed
3609 1903 3672 1978 si
3755 1902 3834 1977 in
3886 1902 3997 1979 in-

2452 2001 2746 2079 finitum
2798 2003 3222 2100 procedatur
3295 2000 3373 2076 in
3445 2002 3915 2080 moventibus
3962 2055 3997 2099 ,

2446 2101 2522 2176 8(
2575 2100 2847 2191 motis,
2898 2100 3150 2179 omnia
3202 2115 3413 2175 erunt
3462 2100 3668 2196 quasi
3740 2101 3994 2180 instru-

2447 2198 2865 2275 mentaliter
2916 2197 3293 2276 moventia
3328 2251 3356 2291 ,
3403 2198 3580 2296 quia
3633 2206 3995 2295 ponentur

2445 2298 2632 2376 sicut
2703 2300 3081 2376 moventia
3150 2316 3355 2376 mota
3403 2322 3428 2390 3
3479 2298 3669 2375 nihil
3739 2316 3990 2378 autem

2449 2400 2589 2476 erit
2638 2398 2825 2477 sicut
2875 2398 3279 2499 principale
3330 2424 3638 2478 movens
3688 2455 3708 2475 .
3783 2403 3992 2499 Ergo

2437 2498 2628 2575 nihil
2700 2501 3120 2578 movebitur
3166 2556 3187 2576 .
3259 2502 3361 2577 Et
3421 2500 3527 2578 sic
3579 2516 3777 2598 patet
3825 2525 3988 2600 pro·

2439 2600 2642 2679 batio
2716 2600 3085 2700 utriusque
3158 2601 3674 2700 propositionis
3723 2655 3750 2695 ‚
3824 2625 3987 2700 quae

2438 2701 2967 2801 supponebatur
3017 2701 3097 2778 in
3149 2701 3386 2799 prima
3438 2700 3984 2781 demonstratio-

2432 2802 2547 2881 nis
2599 2803 2720 2880 via
2770 2857 2797 2899 ‚
2845 2822 2993 2903 qua
3046 2802 3304 2901 probat
3362 2800 3785 2882 Aristoteles
3836 2802 3982 2886 effe

2423 2903 2754 3002 primum
2805 2921 3171 2980 motorem
3227 2902 3696 2981 immobilem
3746 2958 3770 2980 .

2521 3004 2844 3082 Secunda
2883 3005 3007 3081 via
3052 3002 3216 3080 talis
3255 3003 3450 3099 est.(
3497 3006 3708 3081 VIII.
3754 3002 3972 3108 Phys.

2419 3119 2590 3180 text.
2664 3129 2934 3181 comm.
3005 3127 3268 3180 xxxvr.
3324 3102 3351 3198 )
3404 3101 3480 3181 Si
3533 3128 3755 3181 omne
3806 3131 3969 3185 mo·

2420 3229 2602 3281 vens
2653 3222 2992 3281 movetur
3039 3256 3066 3296 ‚
3139 3219 3266 3281 aut
3338 3204 3488 3282 haze
3563 3207 3969 3304 propositio

2421 3302 2520 3380 est
2594 3328 2766 3381 vera
2817 3329 2946 3405 per
3014 3303 3086 3381 se
3140 3358 3168 3399 ‚
3214 3319 3343 3408 aut
3392 3328 3523 3404 per
3566 3306 3901 3383 accidens
3950 3360 3972 3383 .

2417 3404 2498 3482 Si
2551 3427 2680 3505 per
2729 3406 3059 3484 accidens
3080 3457 3106 3499 ‚
3150 3429 3326 3503 ergo
3379 3429 3556 3482 non·
3584 3403 3683 3480 est
3734 3404 3974 3482 neces»

2421 3504 2602 3581 saria
2656 3560 2677 3581 .
2760 3508 2984 3604 Quod
3038 3504 3240 3579 enim
3292 3500 3393 3578 est
3462 3525 3591 3599 per
3640 3503 3973 3584 accidens

2416 3628 2678 3680 verum
2730 3655 2758 3696 ‚
2809 3627 2959 3679 non
3011 3599 3112 3677 est
3179 3601 3658 3676 necessarium
3703 3655 3724 3676 .
3776 3606 3972 3683 Con·

2418 3702 2658 3797 tigens
2710 3700 2808 3777 est
2862 3724 3036 3798 ergo
3090 3698 3377 3776 nullum
3430 3723 3739 3779 movens
3811 3726 3970 3781 mo·

2413 3800 2572 3877 *επὶ
2623 3856 2643 3875 .
2749 3799 2889 3878 Sed
2957 3800 3020 3876 si
3106 3823 3416 3877 movens
3492 3825 3643 3878 non
3714 3826 3965 3880 move-

2411 3917 2531 3977 tur
2580 3951 2608 3993 ‚
2710 3925 2861 3977 non
2948 3916 3204 3977 movet
3250 3951 3277 3994 ‚
3353 3914 3437 3982 ut
3523 3902 3967 3983 adversarius

2413 3999 2597 4079 dicit
2647 4056 2666 4075 .
2723 4003 2933 4100 Ergo
3006 3999 3443 4098 contingens
3510 3999 3612 4077 est
3668 4056 3695 4098 ‚
3766 4003 3962 4082 nihil

2407 4101 2697 4180 moveri
2751 4124 2997 4178 :·nam
3046 4100 3108 4178 si
3160 4101 3348 4178 nihil
3400 4118 3711 4199 movet,
3766 4101 3962 4185 nihil

2399 4219 2741 4283 movetur
2790 4258 2811 4279 .
2886 4203 3056 4282 Hoc
3105 4220 3356 4278 autem
3407 4202 3627 4281 habet
3677 4205 3960 4283 Aristo-

2401 4304 2580 4382 teles
2647 4328 2810 4401 pro.
2856 4300 3282 4400 impossibili
3335 4355 3361 4395 ,
3429 4304 3628 4403 quod
3680 4304 3956 4387 scilicet
4025 4381 4036 4385 „

2404 4404 2795 4502 aliquando
2864 4401 3106 4480 nullus
3173 4421 3414 4480 motus
3487 4403 3587 4482 sit
3654 4461 3674 4481 .
3752 4408 3960 4505 Ergo

2402 4505 2737 4604 primum
2805 4527 2958 4580 non
3011 4500 3152 4579 fuit
3220 4505 3653 4604 contingens
3691 4561 3729 4602 0
3759 4508 3956 4606 quia

2408 4629 2499 4681 ex
2568 4602 2747 4680 falso
2824 4601 3076 4681 contin
3130 4603 3282 4682 enti
3373 4628 3525 4684 non
3629 4606 3953 4705 sequitur

2399 4704 2668 4780 salsum
2719 4702 3078 4802 impoffib'
3116 4729 3157 4780 e
3209 4730 3233 4797 3
3283 4703 3358 4781 8(
3407 4703 3512 4784 sic
3565 4705 3714 4783 haec
3787 4730 3952 4804 pro·

2366 4804 2674 4903 *positio
2724 4857 2752 4898 ‚
2822 4806 3098 4888 Omne.
3150 4830 3459 4883 movens
3529 4822 3869 4884 movetur
3915 4855 3947 4901 ‚

2399 4928 2554 4988 non
2602 4902 2747 4985 fuit
2794 4930 2924 5006 per
2963 4905 3301 4986 accidens
3351 4928 3524 4984 vera
3572 4959 3593 4984 .
3700 5007 3773 5084 It

3775 5027 3894 5084 em
3916 5058 3944 5088 .
