4597 5696
803 432 923 494 144

1450 407 2253 486 ‘DE'VERITATE
2312 419 3024 496 CATHOLICAE
3084 429 3396 496 FIDEI

788 559 948 616 non
1026 544 1199 611 ente
1266 527 1763 633 praeexistente
1809 585 1836 627 ‚
1908 529 1994 608 fit
2077 555 2322 609 creare
2346 584 2375 628 ‚
2476 557 2697 633 agens
2748 532 2824 622 δε
2876 532 3132 610 eadem
3183 534 3473 614 afflone
3522 537 3768 621 causat
3816 539 4058 622 diver-

791 649 1085 738 oportet
1137 634 1334 735 quod
1387 633 1605 714 solius
1662 632 1808 710 Dei
1861 631 1948 713 fit
1996 658 2239 716 creare
2264 692 2283 710 .

903 738 1102 819 Huic
1156 754 1405 816 autem
1455 734 1751 814 veritati
1808 734 2014 815 sacra:
2064 737 2383 836 Scriptu-

790 869 893 925 1·ae
948 839 1338 921 auctoritas
1408 833 1781 934 attestatur
1817 894 1845 933 ,
1915 863 2075 938 quae
2131 845 2381 918 Deum

780 946 1057 1027 omnia
1109 943 1376 1022 creasse
1452 940 1774 1019 affirmat
1806 995 1832 1037 ‚
1899 942 2088 1018 Gen.
2154 968 2213 1019 1.
2284 950 2380 1019 In

787 1044 1165 1155 principio
1237 1043 1531 1125 creavit
1583 1052 1788 1123 Deus
1873 1043 2129 1123 caelum
2179 1099 2207 1138 ,
2277 1044 2376 1121 Φ*

783 1177 1083 1234 ¹terram
1119 1196 1149 1225 ·.
1231 1146 1732 1228 Damascenus
1820 1145 2051 1225 etiam
2120 1145 2201 1224 in
2279 1148 2379 1225 II.

797 1256 969 1337 Lib.
1022 1249 1304 1333 orthod.
1362 1248 1576 1329 Fidei
1628 1248 1808 1325 dicit
1847 1276 1865 1327 ε
1922 1247 2382 1351 ,Quicumque

797 1377 984 1438 ‘vero
1037 1353 1259 1459 ajunt
1313 1360 1438 1429 An
1495 1350 1639 1430 clos
1679 1374 2031 1430 creatores
2084 1348 2221 1448 effe
2269 1377 2384 1430 cu-

636 1554 642 1561 ·
785 1458 1231 1568 juscumque
1263 1451 1407 1552 sub
1474 1450 1740 1547 antia,
1792 1450 1872 1531 hi
1923 1481 2166 1532 omncs
2200 1452 2392 1550 sunt

791 1558 1059 1668 patris.
1078 1556 1211 1656 sui
1264 1551 1750 1649 diabdifilii:
1805 1577 2151 1635 creatum
2177 1556 2380 1636 enim

802 1659 1199 1763 existentes
1251 1686 1395 1737 non
1428 1655 1625 1755 sunt
1674 1681 2025 1737 creatores
2048 1714 2067 1733 .

794 1807 803 1812 ·
914 1770 1052 1846 Per
1103 1763 1243 1841 hoc
1295 1779 1545 1840 autern
1613 1757 1997 1839 destruitur
2044 1785 2389 1860 quorum·

794 1873 981 1952 dam
1051 1863 1662 1966 Philosophorum
1728 1861 1758 1961 (
1816 1862 2165 1943 Avicenae
2249 1867 2387 1943 IX.

807 1968 1239 2073 Metaphys.
1294 1965 1498 2045 tra&
1528 1968 1532 1972 ’
1564 1990 1674 2042 1v.
1719 1963 1747 2062 )
1800 1990 2001 2044 error
2031 2020 2057 2060 ‚
2108 1965 2236 2066 qui
2289 1967 2394 2045 di-

806 2090 1073 2158 xerunt
1104 2125 1133 2167 ,
1202 2075 1453 2150 Deum
1520 2069 1782 2146 creasse
1869 2069 2186 2168 primam
2239 2068 2395 2147 sub·

807 2174 1159 2257 stantiam
1233 2171 1631 2270 separatam
1666 2223 1693 2266 ‚
1742 2169 1851 2266 ,δε
1906 2169 1999 2245 ab
2051 2194 2135 2245 ea
2188 2166 2393 2247 fuisse

808 2288 1137 2356 creatam
1212 2271 1599 2348 secundam
1640 2324 1668 2363 ‚
1755 2270 1828 2374 8(
1907 2267 2001 2347 fic
2069 2270 2393 2368 quodam

809 2375 1072 2480 ordine
1125 2372 1347 2474 usque
1398 2372 1516 2449 ad.
1540 2371 1885 2450 ultimam
1911 2426 1935 2446 .

1121 2525 1179 2590 C
1261 2529 1323 2592 A
1410 2524 1460 2587 P
1543 2526 1606 2590 U
1692 2522 1754 2586 T
1876 2520 2097 2588 xxn.
2138 2469 2144 2475 Δ

1134 2725 1142 2735 ⁸
1150 2648 1332 2736 ⁴Quod
1371 2652 1527 2713 Deus
1560 2646 1638 2727 lit
1677 2647 2050 2727 omnipotens.

860 2793 918 2858 1.
961 2791 1126 2853 Pan.
1171 2781 1356 2868 quaess.
1399 2801 1543 2846 xxv.
1584 2799 1698 2844 art.
1746 2799 1803 2862 3.
1864 2776 1944 2843 (9¹
1983 2780 2047 2840 in
2091 2779 2141 2839 l.
2186 2779 2342 2842 Sene.

1220 2862 1353 2944 dist.
1398 2883 1498 2925 xx.
1542 2884 1653 2927 art.
1703 2884 1755 2925 1.
1800 2860 1880 2926 <9⁶
1928 2880 1985 2921 2.

812 3012 815 3017 ·
988 2991 1059 3069 X
1118 2990 1256 3067 hoc
1308 3000 1558 3064 autem
1606 2998 1909 3085 apparet
1957 2986 2154 3085 quod
2205 2983 2390 3062 divi-

1043 3115 1138 3167 na
1186 3089 1423 3167 virtus
1490 3113 1644 3166 non
1721 3087 2247 3166 determinatur
2294 3087 2390 3164 ad

824 3195 1158 3295 aliquem
1208 3212 1441 3268 unum
1493 3186 1839 3268 effefflum
1861 3246 1881 3264 .

937 3324 998 3374 1.
1053 3294 1131 3373 Si
1184 3292 1390 3371 enim
1464 3289 1684 3370 solius
1739 3290 1885 3369 Dei
1950 3313 2194 3369 creare
2243 3287 2398 3385 est,

823 3399 921 3479 ab
973 3396 1133 3498 ipso
1171 3392 1595 3473 immediate
1633 3387 1978 3493 producta
2010 3394 2157 3482 effe,
2185 3416 2398 3492 opor-

814 3517 938 3581 tet
988 3520 1468 3600 quaecumque
1545 3522 1588 3573 a
1658 3494 1782 3574 sua
1832 3494 2040 3573 causa
2090 3492 2398 3595 produci

824 3628 981 3683 non
1032 3602 1322 3701 pofl'unt
1373 3596 1506 3676 nifi
1560 3620 1689 3698 per
1740 3599 2044 3676 modum
2096 3596 2398 3676 creatio-

830 3705 992 3781 nis.
1071 3699 1508 3796 Huiusmodi
1585 3714 1830 3776 autem
1907 3699 2070 3777 sunt
2139 3724 2397 3780 omnes

826 3800 1233 3883 substantia
1302 3801 1633 3901 separatae
1665 3854 1693 3895 ‚
1758 3826 1937 3901 quat*
2009 3827 2162 3880 non
2235 3801 2400 3879 sunt

824 3900 1247 4004 compofitae
1299 3927 1389 3981 ex
1432 3902 1741 3981 materia
1791 3904 1863 3980 8(
1896 3900 2174 3999 forma,
2223 3927 2400 4002 quas

824 4026 1023 4089 nunc
1097 4005 1238 4083 effe
1331 4003 1770 4104 supponatur
1820 4033 1845 4094 ς
1899 4004 1974 4083 8<
2064 4003 2401 4086 {imiliter

825 4112 1073 4191 ‘omnis
1118 4106 1455 4195 materia
1505 4107 1899 4206 corporalis
1938 4164 1956 4183 .
2031 4111 2211 4188 Haec
2265 4108 2401 4208 igi·

829 4229 950 4292 tur
1000 4208 1281 4291 diversa
1334 4207 1710 4290 existentia
1748 4265 1779 4306 ,
1854 4210 2204 4312 praedistae
2260 4209 2403 4288 vir-

824 4314 1008 4392 tutis
1061 4313 1484 4392 immediate
1538 4311 1837 4393 effeetus
1889 4313 2056 4392 sunt
2089 4372 2109 4389 .
2168 4311 2403 4390 Nulla

825 4430 1076 4493 autem
1112 4466 1121 4482 ›
1154 4415 1386 4494 virtus
1480 4419 1884 4517 producens
1972 4414 2401 4493 immediate

828 4514 1069 4619 plures
1124 4514 1422 4597 effefiius
1488 4545 1641 4599 non
1713 4544 1803 4597 ex
1875 4517 2183 4595 materia
2218 4571 2243 4609 ‚
2296 4513 2401 4591 est

824 4619 1312 4698 determinata
1364 4622 1456 4698 ad
1487 4648 1718 4701 unum
1759 4619 2144 4700 effessum.
2201 4617 2404 4698 Dico

827 4739 1076 4799 autem
1129 4722 1603 4817 immediate,-
1652 4723 1831 4822 quia
1886 4723 1933 4801 si
1982 4748 2109 4824 per
2159 4722 2402 4799 media

830 4827 1258 4919 produceret
1280 4880 1305 4915 ‚
1357 4824 1585 4918 postet
1616 4827 2001 4922 provenire
2037 4822 2405 4905 diverfitas

832 4942 929 5034 etr
980 4938 1183 5017 parte
1251 4922 1659 5002 mediarum
1712 4927 2130 5007 causarum.
2205 4926 2403 5005 Dico

834 5040 1063 5100 etiam
1130 5038 1307 5098 non.
1355 5038 1443 5100 ex
1514 5027 1877 5124 materia,
1947 5030 2133 5131 quia.
2165 5028 2404 5123 (idem,

2480 634 2590 714 sos
2645 632 2946 714 effeetus
3001 634 3392 716 secundum
3448 645 3767 722 materiae
3819 647 4056 724 diver·

2486 737 2821 826 fitatem3
2874 737 3052 816 ficut
3102 740 3300 818 calor
3350 741 3544 840 ignis
3589 799 3620 840 ‚
3666 746 3795 845 qui
3848 748 4057 827 indu-

2484 858 2596 919 rat
2648 840 2936 934 lutum,
3008 841 3082 918 8<
3138 842 3517 942 liquefacit
3566 871 3866 925 ceram..
3910 849 4057 927 Dei

2484 942 2712 1041 igitur
2761 943 2995 1021 virtus
3067 959 3247 1030 non,
3273 944 3388 1024 est'
3425 948 3910 1027 determinata
3964 953 4059 1030 ad

2482 1069 2716 1122 unum
2766 1040 3154 1122 effectum.
3467 1111 3472 1118 .

2589 1175 2657 1224 2.
2717 1150 2950 1225 Item.
3007 1149 3281 1229 Omnis
3332 1151 3565 1231 virtus
3599 1151 3918 1253 perfecta
3970 1155 4064 1233 ad

2482 1273 2570 1327 ea
2620 1250 2888 1327 omnia
2950 1249 3020 1328 se
3091 1254 3419 1331 extendit
3497 1257 3598 1333 ad'
3666 1282 3824 1358 quae
3903 1256 4065 1336 suus

2491 1376 2623 1452 per
2674 1353 2792 1446 se,
2844 1353 2919 1430 8<
2970 1356 3302 1454 proprius
3355 1356 3654 1436 effectus
3709 1358 3779 1436 se
3820 1374 4066 1436 exten-

2490 1455 2659 1531 dere
2696 1453 2968 1553 pote'st3
3010 1455 3189 1535 ficut
3221 1459 3654 1537 aedificativa
3688 1461 3779 1539 ad
3811 1459 4070 1540 omnia

2482 1556 2554 1633 se
2607 1559 2985 1654 extendit,
3040 1558 3089 1636 fi
3148 1559 3464 1659 perfeRa
3514 1560 3644 1657 fit,
3698 1588 3859 1663 quae
3915 1561 4066 1661 pos-

2481 1658 2645 1737 sunt
2696 1660 3061 1739 rationem
3115 1662 3381 1740 habere
3433 1665 3694 1742 domus
3729 1722 3748 1740 .
3810 1665 4065 1746 Virtus

2491 1781 2741 1840 autem
2794 1763 3048 1841 divina
3122 1762 3402 1865 estper
3454 1763 3525 1841 se
3576 1766 3788 1843 causa
3841 1768 4062 1843 effen-

2487 1865 2608 1961 di,
2659 1864 2733 1942 8<
2786 1868 2925 1943 ess'e
2979 1864 3075 1944 est
3130 1863 3281 1964 ejus'
3334 1868 3664 1968 proprius
3718 1865 4070 1965 effecius-‚-

2498 1984 2581 2045 ut
2633 1993 2723 2047 ex
2776 1967 3197 2069 supradiffis
3247 1970 3276 2068 (
3327 1993 3482 2070 cap.
3540 1970 3900 2071 praeced.)
3950 1994 4071 2068 pa·

2497 2086 2639 2148 tet.
2698 2073 2900 2170 Ergo
2969 2073 3058 2148 ad
3109 2073 3365 2150 omnia
3419 2073 3546 2150 illa
3616 2073 3689 2149 se
3742 2071 4068 2151 extendit

2493 2197 2655 2271 quae
2708 2173 2975 2249 rationi
3032 2173 3220 2249 entis
3285 2198 3442 2250 non
3506 2191 3961 2273 repugnant:
4015 2169 4068 2250 fi

2495 2272 2701 2349 enim
2769 2273 2852 2350 in
2904 2271 3300 2373 quemdam
3371 2290 3660 2351 tantum
3717 2272 4067 2351 effectum

2495 2372 2729 2452 virtus
2800 2372 2954 2472 ejus
3008 2375 3276 2474 posset,
3345 2401 3497 2452 non
3569 2377 3740 2452 esset
3812 2399 3941 2474 per
3995 2374 4067 2451 se

2492 2475 2701 2553 causa
2752 2475 2942 2553 entis
2977 2476 3414 2575 inquantum
3444 2474 3909 2572 hujusmodi,
3948 2475 4067 2554 sed

2493 2575 2707 2677 hujus
2758 2578 2983 2657 entis.
3055 2576 3361 2656 Rationi
3418 2597 3666 2656 autem
3719 2579 3908 2657 entis
3961 2603 4072 2654 re-

2491 2698 2773 2780 pugnat
2821 2678 3234 2781 oppofitum
3270 2681 3502 2775 entis,
3552 2685 3751 2780 'quod
3779 2678 3886 2757 ‘est
3914 2705 4068 2757 non

2492 2807 2658 2863 ens.
2729 2783 3012 2862 Omnia
3065 2782 3291 2883 igitur
3345 2786 3547 2861 Deus
3616 2778 3857 2898 potest·
3894 2805 4076 2881 quar

2403 2934 2406 2939 -
2493 2885 2576 2963 in
2627 2886 2700 2963 se
2751 2886 3112 2964 rationem
3188 2910 3341 2963 non
3394 2884 3581 2963 entis
3633 2911 3786 2964 non
3841 2883 4071 2962 inclu-

2491 2988 2675 3067 dunt
2707 3046 2726 3064 .
2803 2989 2984 3067 Haec
3037 3003 3286 3065 autem
3362 2984 3524 3065 sunt
3575 3012 3733 3088 quae
3785 3003 4070 3067 contras

2491 3088 2896 3169 dictionem
2969 3115 3121 3168 non
3176 3087 3603 3187 implicant.
3677 3086 4067 3186 Relinqui-

2500 3206 2619 3270 tur
2668 3192 2898 3291 igitur
2927 3192 3128 3293 quod
3166 3191 3523 3291 quidquid
3554 3185 4068 3273 contradiffior

2499 3318 2677 3372 nem
2727 3320 2880 3373 non
2934 3292 3340 3394 implicat,'
3369 3298 3569 3371 Deus
3623 3291 3888 3392 potest.

2607 3423 2673 3499 3.
2735 3397 2993 3499 Adhuc
3031 3454 3050 3474 .
3107 3398 3363 3475 Omne
3435 3419 3664 3495 agens
3733 3393 3893 3494 agit
3967 3390 4074 3472 in-

2496 3515 2856 3598 quantum
2925 3497 3095 3578 actu
3147 3497 3249 3575 est
3303 3554 3320 3572 .
3376 3499 3789 3575 Secundum
3844 3496 4078 3594 igitur

2499 3603 2804 3679 modum
2885 3600 3086 3681 aetus
3137 3596 3689 3694 uniuscujusque
3741 3597 4075 3692 agentia,
4145 3622 4162 3637 ·

2499 3700 2601 3780 est
2653 3703 2911 3784 modus
2991 3701 3126 3779 suae
3198 3696 3491 3776 virtutis
3571 3697 3647 3772 in
3732 3698 4069 3796 agendo:

2503 3805 2733 3882 homo
2786 3804 2988 3881 enim
3038 3813 3341 3899 generat
3393 3795 3776 3875 hominem
3810 3848 3838 3884 ‚
3888 3799 3959 3876 8<
4016 3797 4075 3877 i-

2500 3928 3040 4100 gffiegffse’mh
3089 3897 4076 4102 gegrsmiiiirenmpeigffliciiitelz

2599 4108 2823 4204 bens,
2891 4121 2973 4187 ut
3049 4104 3257 4206 supra
3329 4102 3356 4202 (
3408 4125 3572 4203 cap.
3618 4130 3939 4184 xxvt11.
4017 4107 4073 4182 I.

2506 4211 2671 4291 Lib.
2725 4210 2753 4309 )
2819 4207 3179 4288 ostensum
3231 4204 3329 4283 est
3365 4263 3383 4282 .
3462 4204 3587 4285 Est
3660 4206 3886 4307 igitur
3954 4205 4080 4284 sua

2504 4313 2736 4390 virtus
2799 4309 3045 4391 activa
3096 4306 3463 4411 pascua,
3535 4310 3629 4387 ad
3698 4307 3954 4388 omnia
4009 4307 4081 4384 se

2504 4415 2823 4510 bahem,
2889 4437 3411 4515 quaecumque-
3451 4437 3602 4489 non
3673 4423 4080 4512 repugnant

2503 4516 2773 4595 rationi
2842 4515 2997 4614 ejus
3127 4515 3273 4593 uod
3338 4511 3441 4593 est
3508 4515 3649 4591 effe
3728 4514 3810 4590 in
3861 4509 4076 4589 aRu.

2506 4622 2676 4701 Hoc
2723 4633 2975 4699 autem
3028 4642 3068 4695 e
3181 4616 3418 4696 solum
3471 4617 3667 4734 quod
3718 4613 4082 4723 contradi·⁸

2503 4723 2835 4801 ctionem
2889 4721 3258 4821 implicat.
3291 4722 3576 4800 Omma
3629 4718 3856 4819 igitur
3907 4739 4080 4817 prae-

2509 4842 2618 4902 ter
2671 4823 2811 4903 hoc
2871 4830 3068 4903 Deus
3121 4820 3352 4924 potest
3386 4879 3405 4898 .

2607 4954 2678 5025 4.
2734 4924 3426 5027 Amplius..Omni
3480 4921 3821 5025 potentiae
3875 4914 4084 5017 passi-

2503 5055 2614 5111 vae
2653 5029 3048 5130 respondet
3097 5025 3432 5128 potentia
3482 5028 3723 5105 activa
3756 5049 3798 5097 .·.
3830 5036 4089 5137 poten,-

3971 5143 4073 5205 tla
