<?xml version="1.0" encoding="UTF-8"?>
<!DOCTYPE html PUBLIC "-//W3C//DTD XHTML 1.0 Transitional//EN"
    "http://www.w3.org/TR/xhtml1/DTD/xhtml1-transitional.dtd">
<html xmlns="http://www.w3.org/1999/xhtml" xml:lang="en" lang="en">
 <head>
  <title>
</title>
<meta http-equiv="Content-Type" content="text/html;charset=utf-8" />
  <meta name='ocr-system' content='tesseract 3.04.00' />
  <meta name='ocr-capabilities' content='ocr_page ocr_carea ocr_par ocr_line ocrx_word'/>
</head>
<body>
  <div class='ocr_page' id='page_1' title='image "./summacontragent00aqugoog_0103.png"; bbox 0 0 4597 5696; ppageno 0'>
   <div class='ocr_carea' id='block_1_1' title="bbox 1283 408 3840 498">
    <p class='ocr_par' dir='ltr' id='par_1_1' title="bbox 1283 408 3840 498">
     <span class='ocr_line' id='line_1_1' title="bbox 1283 408 3840 498; baseline -0.002 -6"><span class='ocrx_word' id='word_1_1' title='bbox 1283 428 1870 498; x_wconf 81' lang='lat' dir='ltr'>CONTRA</span> <span class='ocrx_word' id='word_1_2' title='bbox 1958 408 2702 494; x_wconf 49' lang='lat' dir='ltr'>osu-rums</span> <span class='ocrx_word' id='word_1_3' title='bbox 2786 422 3038 492; x_wconf 68' lang='grc' dir='ltr'>ιιι.</span> <span class='ocrx_word' id='word_1_4' title='bbox 3116 421 3174 486; x_wconf 82' lang='lat'>1.</span> <span class='ocrx_word' id='word_1_5' title='bbox 3745 410 3840 488; x_wconf 73' lang='lat'>63·</span> 
     </span>
    </p>
   </div>
   <div class='ocr_carea' id='block_1_2' title="bbox 610 530 3861 1149">
    <p class='ocr_par' dir='ltr' id='par_1_2' title="bbox 610 530 3861 1149">
     <span class='ocr_line' id='line_1_2' title="bbox 612 530 3829 654; baseline -0.005 -28"><span class='ocrx_word' id='word_1_6' title='bbox 612 544 923 644; x_wconf 85' lang='lat' dir='ltr'>speciem</span> <span class='ocrx_word' id='word_1_7' title='bbox 956 599 983 641; x_wconf 88' lang='lat'>‚</span> <span class='ocrx_word' id='word_1_8' title='bbox 1043 543 1129 625; x_wconf 73' lang='grc' dir='ltr'>,δε</span> <span class='ocrx_word' id='word_1_9' title='bbox 1180 548 1651 627; x_wconf 81' lang='lat' dir='ltr'>nobilitatem</span> <span class='ocrx_word' id='word_1_10' title='bbox 1705 544 2003 622; x_wconf 83' lang='lat' dir='ltr'>haberet</span> <span class='ocrx_word' id='word_1_11' title='bbox 2055 543 2153 621; x_wconf 89' lang='lat' dir='ltr'>se·</span> <span class='ocrx_word' id='word_1_12' title='bbox 2255 542 2672 643; x_wconf 84' lang='lat' dir='ltr'>aliqualiter</span> <span class='ocrx_word' id='word_1_13' title='bbox 2725 540 3097 621; x_wconf 82' lang='lat' dir='ltr'>causatum</span> <span class='ocrx_word' id='word_1_14' title='bbox 3139 591 3166 633; x_wconf 88' lang='lat'>‚</span> <span class='ocrx_word' id='word_1_15' title='bbox 3215 536 3413 654; x_wconf 70' lang='lat' dir='ltr'>quod</span> <span class='ocrx_word' id='word_1_16' title='bbox 3468 530 3569 610; x_wconf 92' lang='lat' dir='ltr'>est</span> <span class='ocrx_word' id='word_1_17' title='bbox 3620 532 3829 611; x_wconf 82' lang='lat' dir='ltr'>aliud-</span> 
     </span>
     <span class='ocr_line' id='line_1_3' title="bbox 610 634 3822 753; baseline -0.005 -29"><span class='ocrx_word' id='word_1_18' title='bbox 610 649 936 724; x_wconf 89' lang='lat' dir='ltr'>cundum</span> <span class='ocrx_word' id='word_1_19' title='bbox 989 646 1065 724; x_wconf 89' lang='lat' dir='ltr'>id</span> <span class='ocrx_word' id='word_1_20' title='bbox 1112 651 1308 746; x_wconf 89' lang='lat' dir='ltr'>quod</span> <span class='ocrx_word' id='word_1_21' title='bbox 1360 649 1458 735; x_wconf 87' lang='lat' dir='ltr'>est</span> <span class='ocrx_word' id='word_1_22' title='bbox 1511 649 1710 726; x_wconf 87' lang='lat' dir='ltr'>aliud</span> <span class='ocrx_word' id='word_1_23' title='bbox 1781 647 1874 724; x_wconf 87' lang='lat' dir='ltr'>ab</span> <span class='ocrx_word' id='word_1_24' title='bbox 1928 645 2086 746; x_wconf 87' lang='lat' dir='ltr'>ipso</span> <span class='ocrx_word' id='word_1_25' title='bbox 2137 696 2199 722; x_wconf 83' lang='lat'>.-</span> <span class='ocrx_word' id='word_1_26' title='bbox 2260 647 2354 722; x_wconf 87' lang='lat' dir='ltr'>ab</span> <span class='ocrx_word' id='word_1_27' title='bbox 2406 646 2616 748; x_wconf 91' lang='lat' dir='ltr'>ipso:</span> <span class='ocrx_word' id='word_1_28' title='bbox 2688 643 2879 721; x_wconf 85' lang='lat' dir='ltr'>nihil</span> <span class='ocrx_word' id='word_1_29' title='bbox 2930 640 3133 719; x_wconf 91' lang='lat' dir='ltr'>enim</span> <span class='ocrx_word' id='word_1_30' title='bbox 3189 638 3295 753; x_wconf 77' lang='lat' dir='ltr'>sui</span> <span class='ocrx_word' id='word_1_31' title='bbox 3353 663 3376 713; x_wconf 94' lang='lat'>1</span> <span class='ocrx_word' id='word_1_32' title='bbox 3422 634 3563 751; x_wconf 69' lang='lat' dir='ltr'>sius</span> <span class='ocrx_word' id='word_1_33' title='bbox 3615 634 3822 714; x_wconf 83' lang='lat' dir='ltr'>causa</span> 
     </span>
     <span class='ocr_line' id='line_1_4' title="bbox 613 732 3828 851; baseline -0.006 -25"><span class='ocrx_word' id='word_1_34' title='bbox 613 748 784 826; x_wconf 90' lang='lat' dir='ltr'>Hoc</span> <span class='ocrx_word' id='word_1_35' title='bbox 856 764 1102 825; x_wconf 91' lang='lat' dir='ltr'>autem</span> <span class='ocrx_word' id='word_1_36' title='bbox 1173 750 1269 827; x_wconf 87' lang='lat' dir='ltr'>est</span> <span class='ocrx_word' id='word_1_37' title='bbox 1342 749 1836 851; x_wconf 83' lang='lat' dir='ltr'>impoflibi1e‚</span> <span class='ocrx_word' id='word_1_38' title='bbox 1932 771 2162 847; x_wconf 89' lang='lat' dir='ltr'>quum</span> <span class='ocrx_word' id='word_1_39' title='bbox 2265 743 2366 823; x_wconf 89' lang='lat' dir='ltr'>est</span> <span class='ocrx_word' id='word_1_40' title='bbox 2394 804 2410 822; x_wconf 95' lang='lat'>.</span> <span class='ocrx_word' id='word_1_41' title='bbox 2468 751 2670 846; x_wconf 89' lang='lat' dir='ltr'>Ergo</span> <span class='ocrx_word' id='word_1_42' title='bbox 2702 740 3303 842; x_wconf 75' lang='lat' dir='ltr'>Deuscognoscit-</span> <span class='ocrx_word' id='word_1_43' title='bbox 3342 762 3384 814; x_wconf 86' lang='lat' dir='ltr'>a</span> <span class='ocrx_word' id='word_1_44' title='bbox 3416 763 3486 814; x_wconf 78' lang='lat' dir='ltr'>ia</span> <span class='ocrx_word' id='word_1_45' title='bbox 3523 760 3568 811; x_wconf 79' lang='lat' dir='ltr'>a</span> <span class='ocrx_word' id='word_1_46' title='bbox 3599 732 3828 828; x_wconf 78' lang='lat' dir='ltr'>se.(a)</span> 
     </span>
     <span class='ocr_line' id='line_1_5' title="bbox 615 831 3828 949; baseline -0.004 -25"><span class='ocrx_word' id='word_1_47' title='bbox 615 847 739 924; x_wconf 86' lang='lat' dir='ltr'>sua</span> <span class='ocrx_word' id='word_1_48' title='bbox 791 848 1119 947; x_wconf 86' lang='lat' dir='ltr'>operatio</span> <span class='ocrx_word' id='word_1_49' title='bbox 1183 848 1270 928; x_wconf 88' lang='lat' dir='ltr'>fit</span> <span class='ocrx_word' id='word_1_50' title='bbox 1320 854 1469 949; x_wconf 81' lang='lat' dir='ltr'>ejus</span> <span class='ocrx_word' id='word_1_51' title='bbox 1523 849 1823 928; x_wconf 81' lang='lat' dir='ltr'>ess&#39;entia</span> <span class='ocrx_word' id='word_1_52' title='bbox 1853 901 1879 942; x_wconf 88' lang='lat'>,</span> <span class='ocrx_word' id='word_1_53' title='bbox 1955 865 2039 926; x_wconf 90' lang='lat' dir='ltr'>ut</span> <span class='ocrx_word' id='word_1_54' title='bbox 2088 874 2169 924; x_wconf 81' lang='lat' dir='ltr'>o·</span> <span class='ocrx_word' id='word_1_55' title='bbox 2268 848 2719 947; x_wconf 87' lang='lat' dir='ltr'>Colligentes</span> <span class='ocrx_word' id='word_1_56' title='bbox 2772 845 2997 945; x_wconf 82' lang='lat' dir='ltr'>igitur</span> <span class='ocrx_word' id='word_1_57' title='bbox 3050 844 3175 921; x_wconf 80' lang='lat' dir='ltr'>has</span> <span class='ocrx_word' id='word_1_58' title='bbox 3227 842 3399 919; x_wconf 88' lang='lat' dir='ltr'>duas</span> <span class='ocrx_word' id='word_1_59' title='bbox 3433 831 3828 949; x_wconf 76' lang='lat' dir='ltr'>conclusio-</span> 
     </span>
     <span class='ocr_line' id='line_1_6' title="bbox 612 929 3827 1052; baseline -0.004 -27"><span class='ocrx_word' id='word_1_60' title='bbox 612 947 929 1025; x_wconf 89' lang='lat' dir='ltr'>stensum</span> <span class='ocrx_word' id='word_1_61' title='bbox 1000 947 1161 1026; x_wconf 92' lang='lat' dir='ltr'>est.</span> <span class='ocrx_word' id='word_1_62' title='bbox 1245 953 1365 1031; x_wconf 89' lang='lat' dir='ltr'>Sic</span> <span class='ocrx_word' id='word_1_63' title='bbox 1417 953 1661 1052; x_wconf 60' lang='lat' dir='ltr'>igitur&gt;</span> <span class='ocrx_word' id='word_1_64' title='bbox 1720 946 2160 1047; x_wconf 85' lang='lat' dir='ltr'>impoffibile</span> <span class='ocrx_word' id='word_1_65' title='bbox 2266 973 2435 1043; x_wconf 82' lang='lat' dir='ltr'>nes,</span> <span class='ocrx_word' id='word_1_66' title='bbox 2487 957 2782 1048; x_wconf 83' lang='lat' dir='ltr'>apparet</span> <span class='ocrx_word' id='word_1_67' title='bbox 2836 952 3086 1024; x_wconf 89' lang='lat' dir='ltr'>Deum</span> <span class='ocrx_word' id='word_1_68' title='bbox 3138 941 3573 1041; x_wconf 85' lang='lat' dir='ltr'>cognoscere</span> <span class='ocrx_word' id='word_1_69' title='bbox 3627 929 3695 1013; x_wconf 90' lang='lat' dir='ltr'>se</span> <span class='ocrx_word' id='word_1_70' title='bbox 3721 959 3827 1034; x_wconf 77' lang='lat' dir='ltr'>xp·</span> 
     </span>
     <span class='ocr_line' id='line_1_7' title="bbox 616 1041 3861 1149; baseline -0.004 -24"><span class='ocrx_word' id='word_1_71' title='bbox 616 1050 715 1127; x_wconf 87' lang='lat' dir='ltr'>est</span> <span class='ocrx_word' id='word_1_72' title='bbox 768 1050 962 1146; x_wconf 90' lang='lat' dir='ltr'>quod</span> <span class='ocrx_word' id='word_1_73' title='bbox 1015 1047 1466 1131; x_wconf 90' lang='lat' dir='ltr'>intellectum</span> <span class='ocrx_word' id='word_1_74' title='bbox 1538 1079 1581 1130; x_wconf 84' lang='lat' dir='ltr'>a</span> <span class='ocrx_word' id='word_1_75' title='bbox 1658 1053 1870 1147; x_wconf 86' lang='lat' dir='ltr'>De0‚</span> <span class='ocrx_word' id='word_1_76' title='bbox 1917 1047 2163 1149; x_wconf 86' lang='lat' dir='ltr'>primo</span> <span class='ocrx_word' id='word_1_77' title='bbox 2265 1048 2425 1126; x_wconf 81' lang='lat' dir='ltr'>sum</span> <span class='ocrx_word' id='word_1_78' title='bbox 2478 1049 2672 1148; x_wconf 67' lang='lat' dir='ltr'>quasi</span> <span class='ocrx_word' id='word_1_79' title='bbox 2781 1047 2975 1126; x_wconf 90' lang='lat' dir='ltr'>rimo</span> <span class='ocrx_word' id='word_1_80' title='bbox 3043 1045 3118 1122; x_wconf 90' lang='lat'>&amp;</span> <span class='ocrx_word' id='word_1_81' title='bbox 3193 1068 3320 1144; x_wconf 88' lang='lat' dir='ltr'>per</span> <span class='ocrx_word' id='word_1_82' title='bbox 3389 1041 3460 1119; x_wconf 89' lang='lat' dir='ltr'>se</span> <span class='ocrx_word' id='word_1_83' title='bbox 3530 1053 3861 1131; x_wconf 88' lang='lat' dir='ltr'>notum,-</span> 
     </span>
    </p>
   </div>
   <div class='ocr_carea' id='block_1_3' title="bbox 617 1138 3830 1539">
    <p class='ocr_par' dir='ltr' id='par_1_3' title="bbox 617 1138 3830 1539">
     <span class='ocr_line' id='line_1_8' title="bbox 617 1138 3774 1260; baseline -0.003 -37"><span class='ocrx_word' id='word_1_84' title='bbox 617 1147 692 1227; x_wconf 77' lang='lat'>8&lt;</span> <span class='ocrx_word' id='word_1_85' title='bbox 741 1174 871 1250; x_wconf 91' lang='lat' dir='ltr'>per</span> <span class='ocrx_word' id='word_1_86' title='bbox 920 1149 1038 1248; x_wconf 81' lang='lat' dir='ltr'>se,</span> <span class='ocrx_word' id='word_1_87' title='bbox 1089 1149 1173 1230; x_wconf 75' lang='lat' dir='ltr'>sit</span> <span class='ocrx_word' id='word_1_88' title='bbox 1223 1155 1420 1232; x_wconf 88' lang='lat' dir='ltr'>aliud</span> <span class='ocrx_word' id='word_1_89' title='bbox 1469 1157 1564 1232; x_wconf 85' lang='lat' dir='ltr'>ab</span> <span class='ocrx_word' id='word_1_90' title='bbox 1616 1154 1804 1255; x_wconf 89' lang='lat' dir='ltr'>ipso.</span> <span class='ocrx_word' id='word_1_91' title='bbox 2266 1151 2411 1227; x_wconf 82' lang='lat' dir='ltr'>alia</span> <span class='ocrx_word' id='word_1_92' title='bbox 2462 1175 2642 1228; x_wconf 89' lang='lat' dir='ltr'>vero</span> <span class='ocrx_word' id='word_1_93' title='bbox 2719 1165 2871 1227; x_wconf 74' lang='lat' dir='ltr'>icut</span> <span class='ocrx_word' id='word_1_94' title='bbox 2923 1148 3003 1224; x_wconf 91' lang='lat' dir='ltr'>in</span> <span class='ocrx_word' id='word_1_95' title='bbox 3052 1145 3350 1260; x_wconf 78' lang='lat' dir='ltr'>essentia</span> <span class='ocrx_word' id='word_1_96' title='bbox 3402 1142 3524 1221; x_wconf 80' lang='lat' dir='ltr'>sua</span> <span class='ocrx_word' id='word_1_97' title='bbox 3571 1138 3774 1216; x_wconf 80' lang='lat' dir='ltr'>visa.</span> 
     </span>
     <span class='ocr_line' id='line_1_9' title="bbox 902 1237 3828 1351; baseline -0.006 -20"><span class='ocrx_word' id='word_1_98' title='bbox 902 1270 957 1331; x_wconf 87' lang='lat' dir='ltr'>c</span> <span class='ocrx_word' id='word_1_99' title='bbox 1042 1271 1099 1332; x_wconf 85' lang='lat' dir='ltr'>A</span> <span class='ocrx_word' id='word_1_100' title='bbox 1190 1269 1236 1330; x_wconf 85' lang='grc' dir='ltr'>Ρ</span> <span class='ocrx_word' id='word_1_101' title='bbox 1325 1270 1380 1329; x_wconf 85' lang='lat' dir='ltr'>U</span> <span class='ocrx_word' id='word_1_102' title='bbox 1468 1269 1529 1328; x_wconf 89' lang='lat' dir='ltr'><strong>T</strong></span> <span class='ocrx_word' id='word_1_103' title='bbox 1667 1272 1905 1335; x_wconf 76' lang='lat' dir='ltr'>XLIX.</span> <span class='ocrx_word' id='word_1_104' title='bbox 2372 1255 2624 1351; x_wconf 83' lang='lat' dir='ltr'>Quam</span> <span class='ocrx_word' id='word_1_105' title='bbox 2676 1250 2977 1351; x_wconf 87' lang='lat' dir='ltr'>quidem</span> <span class='ocrx_word' id='word_1_106' title='bbox 3047 1262 3440 1324; x_wconf 75' lang='lat' dir='ltr'>veritatem</span> <span class='ocrx_word' id='word_1_107' title='bbox 3509 1264 3598 1318; x_wconf 87' lang='lat' dir='ltr'>ex</span> <span class='ocrx_word' id='word_1_108' title='bbox 3648 1237 3828 1351; x_wconf 70' lang='lat' dir='ltr'>resse</span> 
     </span>
     <span class='ocr_line' id='line_1_10' title="bbox 858 1339 3830 1443; baseline -0.001 -20"><span class='ocrx_word' id='word_1_109' title='bbox 858 1350 1036 1434; x_wconf 67' lang='lat' dir='ltr'>,Quod</span> <span class='ocrx_word' id='word_1_110' title='bbox 1079 1353 1226 1410; x_wconf 70' lang='lat' dir='ltr'>oeus</span> <span class='ocrx_word' id='word_1_111' title='bbox 1264 1348 1542 1429; x_wconf 71' lang='lat' dir='ltr'>cognoscas</span> <span class='ocrx_word' id='word_1_112' title='bbox 1598 1351 1717 1411; x_wconf 67' lang='lat' dir='ltr'>alia</span> <span class='ocrx_word' id='word_1_113' title='bbox 1755 1377 1793 1412; x_wconf 76' lang='lat' dir='ltr'><em>a</em></span> <span class='ocrx_word' id='word_1_114' title='bbox 1822 1353 1920 1433; x_wconf 81' lang='lat' dir='ltr'>se·</span> <span class='ocrx_word' id='word_1_115' title='bbox 2270 1353 2476 1431; x_wconf 92' lang='lat' dir='ltr'>Dion</span> <span class='ocrx_word' id='word_1_116' title='bbox 2532 1352 2666 1430; x_wconf 74' lang='lat' dir='ltr'>sius</span> <span class='ocrx_word' id='word_1_117' title='bbox 2717 1351 2937 1429; x_wconf 85' lang='lat' dir='ltr'>tradit</span> <span class='ocrx_word' id='word_1_118' title='bbox 2994 1349 3072 1426; x_wconf 89' lang='lat' dir='ltr'>in</span> <span class='ocrx_word' id='word_1_119' title='bbox 3123 1374 3218 1425; x_wconf 92' lang='lat' dir='ltr'>v1</span> <span class='ocrx_word' id='word_1_120' title='bbox 3241 1373 3298 1422; x_wconf 92' lang='lat'>1.</span> <span class='ocrx_word' id='word_1_121' title='bbox 3350 1369 3505 1443; x_wconf 86' lang='lat' dir='ltr'>cap.</span> <span class='ocrx_word' id='word_1_122' title='bbox 3632 1364 3673 1418; x_wconf 86' lang='lat' dir='ltr'>e</span> <span class='ocrx_word' id='word_1_123' title='bbox 3722 1339 3830 1418; x_wconf 75' lang='lat' dir='ltr'>dt-</span> 
     </span>
     <span class='ocr_line' id='line_1_11' title="bbox 945 1381 3829 1539; baseline 0.001 -19"><span class='ocrx_word' id='word_1_124' title='bbox 945 1434 997 1490; x_wconf 83' lang='lat'>1.</span> <span class='ocrx_word' id='word_1_125' title='bbox 1027 1433 1199 1521; x_wconf 55' lang='lat' dir='ltr'>‚Pam</span> <span class='ocrx_word' id='word_1_126' title='bbox 1240 1427 1425 1514; x_wconf 56' lang='lat' dir='ltr'>fust·</span> <span class='ocrx_word' id='word_1_127' title='bbox 1467 1449 1610 1493; x_wconf 60' lang='grc' dir='ltr'>ΧΠ·</span> <span class='ocrx_word' id='word_1_128' title='bbox 1652 1450 1763 1494; x_wconf 64' lang='lat' dir='ltr'>m·</span> <span class='ocrx_word' id='word_1_129' title='bbox 1789 1453 1846 1512; x_wconf 87' lang='lat'>5·</span> <span class='ocrx_word' id='word_1_130' title='bbox 2143 1520 2147 1524; x_wconf 91' lang='grc'><strong>.</strong></span> <span class='ocrx_word' id='word_1_131' title='bbox 2263 1453 2417 1532; x_wconf 88' lang='lat' dir='ltr'>vin.</span> <span class='ocrx_word' id='word_1_132' title='bbox 2475 1381 2788 1533; x_wconf 59' lang='lat' dir='ltr'>Klomin.</span> <span class='ocrx_word' id='word_1_133' title='bbox 2840 1451 3086 1530; x_wconf 90' lang='lat' dir='ltr'>dicens</span> <span class='ocrx_word' id='word_1_134' title='bbox 3140 1477 3157 1522; x_wconf 79' lang='lat' dir='ltr'><strong><em>z</em></strong></span> <span class='ocrx_word' id='word_1_135' title='bbox 3216 1456 3384 1525; x_wconf 85' lang='lat' dir='ltr'>Non</span> <span class='ocrx_word' id='word_1_136' title='bbox 3417 1440 3829 1539; x_wconf 59' lang='lat' dir='ltr'>fircundum</span> 
     </span>
    </p>
   </div>
   <div class='ocr_carea' id='block_1_4' title="bbox 613 1537 3960 5203">
    <p class='ocr_par' dir='ltr' id='par_1_4' title="bbox 613 1537 3960 2469">
     <span class='ocr_line' id='line_1_12' title="bbox 620 1537 3870 1738; baseline 0.004 -114"><span class='ocrx_word' id='word_1_137' title='bbox 620 1537 858 1738; x_wconf 83' lang='lat' dir='ltr'>EX</span> <span class='ocrx_word' id='word_1_138' title='bbox 912 1549 1053 1627; x_wconf 90' lang='lat' dir='ltr'>hoe</span> <span class='ocrx_word' id='word_1_139' title='bbox 1103 1564 1355 1626; x_wconf 84' lang='lat' dir='ltr'>autem</span> <span class='ocrx_word' id='word_1_140' title='bbox 1426 1551 1625 1649; x_wconf 89' lang='lat' dir='ltr'>quod</span> <span class='ocrx_word' id='word_1_141' title='bbox 1680 1555 1879 1633; x_wconf 83' lang='lat' dir='ltr'>Deus</span> <span class='ocrx_word' id='word_1_142' title='bbox 1951 1554 2021 1633; x_wconf 92' lang='lat' dir='ltr'>se</span> <span class='ocrx_word' id='word_1_143' title='bbox 2074 1555 2179 1657; x_wconf 82' lang='lat' dir='ltr'>ip-</span> <span class='ocrx_word' id='word_1_144' title='bbox 2282 1552 2640 1656; x_wconf 74' lang='lat' dir='ltr'>visionem</span> <span class='ocrx_word' id='word_1_145' title='bbox 2700 1550 3016 1657; x_wconf 77' lang='lat' dir='ltr'>ssngulis</span> <span class='ocrx_word' id='word_1_146' title='bbox 3071 1549 3167 1646; x_wconf 68' lang='lat' dir='ltr'>se</span> <span class='ocrx_word' id='word_1_147' title='bbox 3236 1543 3589 1659; x_wconf 45' lang='lat' dir='ltr'>immittit</span> <span class='ocrx_word' id='word_1_148' title='bbox 3625 1596 3653 1637; x_wconf 81' lang='lat'>‚</span> <span class='ocrx_word' id='word_1_149' title='bbox 3684 1537 3870 1653; x_wconf 54' lang='lat' dir='ltr'>sed·</span> 
     </span>
     <span class='ocr_line' id='line_1_13' title="bbox 840 1637 3832 1758; baseline -0.002 -31"><span class='ocrx_word' id='word_1_150' title='bbox 840 1652 995 1729; x_wconf 92' lang='lat' dir='ltr'>sum</span> <span class='ocrx_word' id='word_1_151' title='bbox 1046 1649 1417 1749; x_wconf 84' lang='lat' dir='ltr'>cognoscit</span> <span class='ocrx_word' id='word_1_152' title='bbox 1468 1651 1712 1749; x_wconf 91' lang='lat' dir='ltr'>primo</span> <span class='ocrx_word' id='word_1_153' title='bbox 1759 1656 1832 1733; x_wconf 80' lang='grc'>8(</span> <span class='ocrx_word' id='word_1_154' title='bbox 1885 1680 2013 1754; x_wconf 89' lang='lat' dir='ltr'>per</span> <span class='ocrx_word' id='word_1_155' title='bbox 2063 1656 2182 1750; x_wconf 86' lang='lat' dir='ltr'>fe,</span> <span class='ocrx_word' id='word_1_156' title='bbox 2261 1655 2675 1751; x_wconf 81' lang='lat' dir='ltr'>secundum</span> <span class='ocrx_word' id='word_1_157' title='bbox 2763 1650 2988 1746; x_wconf 82' lang='lat' dir='ltr'>causae</span> <span class='ocrx_word' id='word_1_158' title='bbox 3082 1647 3611 1758; x_wconf 73' lang='lat' dir='ltr'>continenttftm</span> <span class='ocrx_word' id='word_1_159' title='bbox 3652 1637 3832 1753; x_wconf 28' lang='lat' dir='ltr'>‘scu</span> 
     </span>
     <span class='ocr_line' id='line_1_14' title="bbox 626 1737 3853 1856; baseline -0.003 -26"><span class='ocrx_word' id='word_1_160' title='bbox 626 1755 824 1852; x_wconf 89' lang='lat' dir='ltr'>quod</span> <span class='ocrx_word' id='word_1_161' title='bbox 878 1751 1021 1828; x_wconf 80' lang='lat' dir='ltr'>alia&#39;</span> <span class='ocrx_word' id='word_1_162' title='bbox 1071 1776 1114 1825; x_wconf 88' lang='lat' dir='ltr'>a</span> <span class='ocrx_word' id='word_1_163' title='bbox 1167 1752 1237 1827; x_wconf 86' lang='lat' dir='ltr'>se</span> <span class='ocrx_word' id='word_1_164' title='bbox 1259 1751 1417 1849; x_wconf 91' lang='lat' dir='ltr'>ipso</span> <span class='ocrx_word' id='word_1_165' title='bbox 1467 1753 1923 1850; x_wconf 87' lang='lat' dir='ltr'>cognoscat,·</span> <span class='ocrx_word' id='word_1_166' title='bbox 1951 1757 2179 1833; x_wconf 84' lang='lat' dir='ltr'>etiam</span> <span class='ocrx_word' id='word_1_167' title='bbox 2281 1754 2560 1835; x_wconf 82' lang='lat' dir='ltr'>omnia:</span> <span class='ocrx_word' id='word_1_168' title='bbox 2617 1755 2692 1832; x_wconf 81' lang='lat'>8&lt;</span> <span class='ocrx_word' id='word_1_169' title='bbox 2732 1750 2961 1831; x_wconf 88' lang='lat' dir='ltr'>infra:</span> <span class='ocrx_word' id='word_1_170' title='bbox 2995 1749 3297 1830; x_wconf 81' lang='lat' dir='ltr'>Divina</span> <span class='ocrx_word' id='word_1_171' title='bbox 3329 1744 3714 1855; x_wconf 58' lang='lat' dir='ltr'>saptenrqa</span> <span class='ocrx_word' id='word_1_172' title='bbox 3736 1737 3853 1856; x_wconf 58' lang='lat' dir='ltr'>se⁸</span> 
     </span>
     <span class='ocr_line' id='line_1_15' title="bbox 626 1845 3837 1962; baseline -0.003 -32"><span class='ocrx_word' id='word_1_173' title='bbox 626 1878 896 1954; x_wconf 87' lang='lat' dir='ltr'>ponere</span> <span class='ocrx_word' id='word_1_174' title='bbox 946 1867 1273 1950; x_wconf 89' lang='lat' dir='ltr'>oportet.</span> <span class='ocrx_word' id='word_1_175' title='bbox 1950 1889 1959 1897; x_wconf 90' lang='lat'><strong>·</strong></span> <span class='ocrx_word' id='word_1_176' title='bbox 2284 1856 2519 1954; x_wconf 79' lang='lat' dir='ltr'>ipsam</span> <span class='ocrx_word' id='word_1_177' title='bbox 2569 1851 3026 1953; x_wconf 80' lang='lat' dir='ltr'>cognoscens,</span> <span class='ocrx_word' id='word_1_178' title='bbox 3063 1848 3221 1946; x_wconf 78' lang='lat' dir='ltr'>scit</span> <span class='ocrx_word' id='word_1_179' title='bbox 3272 1845 3426 1962; x_wconf 61' lang='lat' dir='ltr'>alia</span> <span class='ocrx_word' id='word_1_180' title='bbox 3461 1902 3482 1922; x_wconf 92' lang='lat'>.</span> <span class='ocrx_word' id='word_1_181' title='bbox 3534 1848 3680 1923; x_wconf 83' lang='lat' dir='ltr'>Cm</span> <span class='ocrx_word' id='word_1_182' title='bbox 3731 1855 3837 1956; x_wconf 70' lang='lat' dir='ltr'>et-</span> 
     </span>
     <span class='ocr_line' id='line_1_16' title="bbox 613 1947 3836 2061; baseline -0.002 -31"><span class='ocrx_word' id='word_1_183' title='bbox 613 1954 618 1960; x_wconf 84' lang='grc'>’</span> <span class='ocrx_word' id='word_1_184' title='bbox 744 1982 803 2030; x_wconf 92' lang='lat'>1.</span> <span class='ocrx_word' id='word_1_185' title='bbox 858 1953 1185 2033; x_wconf 83' lang='lat' dir='ltr'>Effectus</span> <span class='ocrx_word' id='word_1_186' title='bbox 1237 1951 1440 2029; x_wconf 88' lang='lat' dir='ltr'>enirn</span> <span class='ocrx_word' id='word_1_187' title='bbox 1477 1952 1808 2053; x_wconf 89' lang='lat' dir='ltr'>cognitio</span> <span class='ocrx_word' id='word_1_188' title='bbox 1828 1953 2180 2035; x_wconf 86' lang='lat' dir='ltr'>sufficien·</span> <span class='ocrx_word' id='word_1_189' title='bbox 2282 1958 2435 2034; x_wconf 87' lang='lat' dir='ltr'>iam</span> <span class='ocrx_word' id='word_1_190' title='bbox 2485 1954 2852 2034; x_wconf 66' lang='lat' dir='ltr'>sententiae</span> <span class='ocrx_word' id='word_1_191' title='bbox 2900 1950 3214 2031; x_wconf 86' lang='lat' dir='ltr'>attestari</span> <span class='ocrx_word' id='word_1_192' title='bbox 3293 1947 3582 2061; x_wconf 77' lang='lat' dir='ltr'>videtur</span> <span class='ocrx_word' id='word_1_193' title='bbox 3650 1947 3836 2024; x_wconf 71' lang='lat' dir='ltr'>Sert-</span> 
     </span>
     <span class='ocr_line' id='line_1_17' title="bbox 633 2040 3960 2157; baseline -0.003 -24"><span class='ocrx_word' id='word_1_194' title='bbox 633 2071 745 2133; x_wconf 90' lang='lat' dir='ltr'>ter</span> <span class='ocrx_word' id='word_1_195' title='bbox 794 2055 1120 2137; x_wconf 85' lang='lat' dir='ltr'>habetur</span> <span class='ocrx_word' id='word_1_196' title='bbox 1147 2076 1276 2150; x_wconf 90' lang='lat' dir='ltr'>per</span> <span class='ocrx_word' id='word_1_197' title='bbox 1307 2056 1812 2148; x_wconf 86' lang='lat' dir='ltr'>cognitionem</span> <span class='ocrx_word' id='word_1_198' title='bbox 1865 2056 1998 2134; x_wconf 82' lang='lat' dir='ltr'>suae</span> <span class='ocrx_word' id='word_1_199' title='bbox 2020 2083 2181 2135; x_wconf 83' lang='lat' dir='ltr'>cau·</span> <span class='ocrx_word' id='word_1_200' title='bbox 2280 2075 2503 2156; x_wconf 81' lang='lat' dir='ltr'>pturae</span> <span class='ocrx_word' id='word_1_201' title='bbox 2528 2056 2735 2134; x_wconf 84' lang='lat' dir='ltr'>sacrae</span> <span class='ocrx_word' id='word_1_202' title='bbox 2763 2051 3189 2132; x_wconf 64' lang='lat' dir='ltr'>aufioritas:</span> <span class='ocrx_word' id='word_1_203' title='bbox 3246 2074 3421 2126; x_wconf 83' lang='lat' dir='ltr'>nam</span> <span class='ocrx_word' id='word_1_204' title='bbox 3473 2073 3551 2123; x_wconf 83' lang='grc' dir='ltr'>ιη</span> <span class='ocrx_word' id='word_1_205' title='bbox 3573 2040 3836 2157; x_wconf 67' lang='lat' dir='ltr'>Psalm.</span> <span class='ocrx_word' id='word_1_206' title='bbox 3957 2134 3960 2137; x_wconf 78' lang='lat'>.</span> 
     </span>
     <span class='ocr_line' id='line_1_18' title="bbox 637 2141 3842 2260; baseline -0.004 -28"><span class='ocrx_word' id='word_1_207' title='bbox 637 2155 761 2233; x_wconf 82' lang='lat' dir='ltr'>sae:</span> <span class='ocrx_word' id='word_1_208' title='bbox 814 2155 1003 2231; x_wconf 90' lang='lat' dir='ltr'>unde</span> <span class='ocrx_word' id='word_1_209' title='bbox 1059 2153 1232 2232; x_wconf 91' lang='lat' dir='ltr'>scire</span> <span class='ocrx_word' id='word_1_210' title='bbox 1255 2153 1568 2230; x_wconf 88' lang='lat' dir='ltr'>dicimur</span> <span class='ocrx_word' id='word_1_211' title='bbox 1591 2158 2187 2255; x_wconf 88' lang='lat' dir='ltr'>unumquodque,</span> <span class='ocrx_word' id='word_1_212' title='bbox 2286 2183 2400 2234; x_wconf 90' lang='lat' dir='ltr'>c1.</span> <span class='ocrx_word' id='word_1_213' title='bbox 2459 2181 2576 2231; x_wconf 90' lang='lat'>20.</span> <span class='ocrx_word' id='word_1_214' title='bbox 2628 2157 2720 2234; x_wconf 89' lang='lat' dir='ltr'>de</span> <span class='ocrx_word' id='word_1_215' title='bbox 2775 2157 2942 2232; x_wconf 93' lang='lat' dir='ltr'>Deo</span> <span class='ocrx_word' id='word_1_216' title='bbox 2976 2153 3274 2230; x_wconf 87' lang='lat' dir='ltr'>dicitur:</span> <span class='ocrx_word' id='word_1_217' title='bbox 3333 2145 3711 2260; x_wconf 63' lang='lat' dir='ltr'>Prospemf</span> <span class='ocrx_word' id='word_1_218' title='bbox 3746 2141 3842 2221; x_wconf 78' lang='lat' dir='ltr'>de</span> 
     </span>
     <span class='ocr_line' id='line_1_19' title="bbox 638 2239 3842 2356; baseline -0.003 -25"><span class='ocrx_word' id='word_1_219' title='bbox 638 2255 1205 2352; x_wconf 82' lang='lat' dir='ltr'>quumcausam</span> <span class='ocrx_word' id='word_1_220' title='bbox 1258 2253 1409 2349; x_wconf 85' lang='lat' dir='ltr'>ejus</span> <span class='ocrx_word' id='word_1_221' title='bbox 1458 2253 1971 2352; x_wconf 81' lang='lat' dir='ltr'>cognoscimus</span> <span class='ocrx_word' id='word_1_222' title='bbox 1996 2309 2018 2332; x_wconf 89' lang='lat'>.</span> <span class='ocrx_word' id='word_1_223' title='bbox 2073 2260 2187 2356; x_wconf 87' lang='lat' dir='ltr'>Ip·</span> <span class='ocrx_word' id='word_1_224' title='bbox 2288 2253 2558 2347; x_wconf 71' lang='lat' dir='ltr'>excelli)</span> <span class='ocrx_word' id='word_1_225' title='bbox 2590 2252 2856 2350; x_wconf 58' lang='lat' dir='ltr'>santio</span> <span class='ocrx_word' id='word_1_226' title='bbox 2894 2250 3031 2345; x_wconf 82' lang='lat' dir='ltr'>suo</span> <span class='ocrx_word' id='word_1_227' title='bbox 3067 2306 3096 2348; x_wconf 86' lang='lat'>‚</span> <span class='ocrx_word' id='word_1_228' title='bbox 3146 2248 3343 2353; x_wconf 73' lang='lat' dir='ltr'>quasi</span> <span class='ocrx_word' id='word_1_229' title='bbox 3420 2249 3511 2327; x_wconf 90' lang='lat' dir='ltr'>de</span> <span class='ocrx_word' id='word_1_230' title='bbox 3561 2245 3633 2326; x_wconf 88' lang='lat' dir='ltr'>se</span> <span class='ocrx_word' id='word_1_231' title='bbox 3681 2239 3842 2354; x_wconf 77' lang='lat' dir='ltr'>ipso</span> 
     </span>
     <span class='ocr_line' id='line_1_20' title="bbox 640 2351 3106 2469; baseline 0 -38"><span class='ocrx_word' id='word_1_232' title='bbox 640 2353 711 2432; x_wconf 89' lang='lat' dir='ltr'>se</span> <span class='ocrx_word' id='word_1_233' title='bbox 762 2370 1008 2432; x_wconf 86' lang='lat' dir='ltr'>autem</span> <span class='ocrx_word' id='word_1_234' title='bbox 1085 2359 1287 2433; x_wconf 83' lang='lat' dir='ltr'>Deus</span> <span class='ocrx_word' id='word_1_235' title='bbox 1369 2351 1467 2430; x_wconf 86' lang='lat' dir='ltr'>est</span> <span class='ocrx_word' id='word_1_236' title='bbox 1519 2378 1650 2469; x_wconf 85' lang='lat' dir='ltr'>per</span> <span class='ocrx_word' id='word_1_237' title='bbox 1720 2353 1918 2432; x_wconf 84' lang='lat' dir='ltr'>suam</span> <span class='ocrx_word' id='word_1_238' title='bbox 1973 2358 2189 2435; x_wconf 82' lang='lat' dir='ltr'>essen·</span> <span class='ocrx_word' id='word_1_239' title='bbox 2289 2355 2574 2441; x_wconf 83' lang='lat' dir='ltr'>excelso</span> <span class='ocrx_word' id='word_1_240' title='bbox 2619 2354 2765 2433; x_wconf 83' lang='lat' dir='ltr'>alia</span> <span class='ocrx_word' id='word_1_241' title='bbox 2813 2353 3106 2433; x_wconf 85' lang='lat' dir='ltr'>videns.</span> 
     </span>
    </p>

    <p class='ocr_par' dir='ltr' id='par_1_5' title="bbox 638 2455 3520 2569">
     <span class='ocr_line' id='line_1_21' title="bbox 638 2455 3520 2569; baseline 0.003 -37"><span class='ocrx_word' id='word_1_242' title='bbox 638 2455 822 2533; x_wconf 83' lang='lat' dir='ltr'>tiam</span> <span class='ocrx_word' id='word_1_243' title='bbox 872 2455 1076 2531; x_wconf 85' lang='lat' dir='ltr'>causa</span> <span class='ocrx_word' id='word_1_244' title='bbox 1124 2455 1391 2532; x_wconf 79' lang='lat' dir='ltr'>essendi</span> <span class='ocrx_word' id='word_1_245' title='bbox 1412 2455 1612 2531; x_wconf 86' lang='lat' dir='ltr'>alirs.</span> <span class='ocrx_word' id='word_1_246' title='bbox 1667 2455 1925 2552; x_wconf 83' lang='lat' dir='ltr'>Quum</span> <span class='ocrx_word' id='word_1_247' title='bbox 1966 2458 2192 2556; x_wconf 89' lang='lat' dir='ltr'>igitur</span> <span class='ocrx_word' id='word_1_248' title='bbox 2654 2504 2711 2567; x_wconf 67' lang='lat' dir='ltr'><strong><em>c</em></strong></span> <span class='ocrx_word' id='word_1_249' title='bbox 2792 2507 2857 2569; x_wconf 70' lang='lat' dir='ltr'>A</span> <span class='ocrx_word' id='word_1_250' title='bbox 2942 2503 2988 2565; x_wconf 88' lang='lat' dir='ltr'>p</span> <span class='ocrx_word' id='word_1_251' title='bbox 3073 2482 3134 2567; x_wconf 55' lang='grc' dir='ltr'>ᾗ]</span> <span class='ocrx_word' id='word_1_252' title='bbox 3220 2502 3281 2564; x_wconf 78' lang='lat'>-1-</span> <span class='ocrx_word' id='word_1_253' title='bbox 3445 2501 3520 2562; x_wconf 91' lang='lat' dir='ltr'>L.</span> 
     </span>
    </p>

    <p class='ocr_par' dir='ltr' id='par_1_6' title="bbox 641 2554 2184 2657">
     <span class='ocr_line' id='line_1_22' title="bbox 641 2554 2184 2657; baseline 0.004 -26"><span class='ocrx_word' id='word_1_254' title='bbox 641 2555 843 2633; x_wconf 85' lang='lat' dir='ltr'>suam</span> <span class='ocrx_word' id='word_1_255' title='bbox 894 2558 1268 2635; x_wconf 76' lang='lat' dir='ltr'>essentiam</span> <span class='ocrx_word' id='word_1_256' title='bbox 1320 2554 1727 2655; x_wconf 76' lang='lat' dir='ltr'>plenissime</span> <span class='ocrx_word' id='word_1_257' title='bbox 1766 2560 2184 2657; x_wconf 78' lang='lat' dir='ltr'>cognoscat,</span> 
     </span>
    </p>

    <p class='ocr_par' dir='ltr' id='par_1_7' title="bbox 641 2657 2187 2835">
     <span class='ocr_line' id='line_1_23' title="bbox 641 2657 2187 2835; baseline 0.003 -101"><span class='ocrx_word' id='word_1_258' title='bbox 641 2673 935 2835; x_wconf 53' lang='lat' dir='ltr'>opo}tet</span> <span class='ocrx_word' id='word_1_259' title='bbox 985 2681 1254 2758; x_wconf 87' lang='lat' dir='ltr'>ponere</span> <span class='ocrx_word' id='word_1_260' title='bbox 1300 2657 1500 2757; x_wconf 89' lang='lat' dir='ltr'>quod</span> <span class='ocrx_word' id='word_1_261' title='bbox 1575 2657 1802 2768; x_wconf 77' lang='lat' dir='ltr'>etiam</span> <span class='ocrx_word' id='word_1_262' title='bbox 1876 2657 2021 2736; x_wconf 79' lang='lat' dir='ltr'>alia</span> <span class='ocrx_word' id='word_1_263' title='bbox 2068 2685 2187 2738; x_wconf 93' lang='lat' dir='ltr'>co-</span> 
     </span>
    </p>

    <p class='ocr_par' dir='ltr' id='par_1_8' title="bbox 643 2775 1850 2858">
     <span class='ocr_line' id='line_1_24' title="bbox 643 2775 1850 2858; baseline 0.001 -24"><span class='ocrx_word' id='word_1_264' title='bbox 643 2780 793 2858; x_wconf 90' lang='lat' dir='ltr'>gno</span> <span class='ocrx_word' id='word_1_265' title='bbox 822 2775 942 2835; x_wconf 86' lang='lat' dir='ltr'>cat</span> <span class='ocrx_word' id='word_1_266' title='bbox 961 2813 981 2834; x_wconf 93' lang='lat'>.</span> <span class='ocrx_word' id='word_1_267' title='bbox 1664 2784 1667 2788; x_wconf 74' lang='grc'><strong><em>’</em></strong></span> <span class='ocrx_word' id='word_1_268' title='bbox 1849 2784 1850 2787; x_wconf 59' lang='lat'>‘</span> 
     </span>
    </p>

    <p class='ocr_par' dir='ltr' id='par_1_9' title="bbox 683 2858 2206 2940">
     <span class='ocr_line' id='line_1_25' title="bbox 683 2858 2206 2940; baseline 0.005 -8"><span class='ocrx_word' id='word_1_269' title='bbox 683 2899 684 2904; x_wconf 12' lang='grc' dir='ltr'><strong><em>Ν</em></strong></span> <span class='ocrx_word' id='word_1_270' title='bbox 754 2885 821 2933; x_wconf 89' lang='lat'>2.</span> <span class='ocrx_word' id='word_1_271' title='bbox 880 2860 1140 2937; x_wconf 88' lang='lat' dir='ltr'>Adhuc</span> <span class='ocrx_word' id='word_1_272' title='bbox 1175 2918 1193 2937; x_wconf 95' lang='lat'>.</span> <span class='ocrx_word' id='word_1_273' title='bbox 1237 2858 1671 2939; x_wconf 86' lang='lat' dir='ltr'>Similitudo</span> <span class='ocrx_word' id='word_1_274' title='bbox 1720 2858 1962 2939; x_wconf 90' lang='lat' dir='ltr'>omnis</span> <span class='ocrx_word' id='word_1_275' title='bbox 2033 2862 2206 2940; x_wconf 82' lang='lat' dir='ltr'>effe·</span> 
     </span>
    </p>

    <p class='ocr_par' dir='ltr' id='par_1_10' title="bbox 652 2953 2199 3061">
     <span class='ocr_line' id='line_1_26' title="bbox 652 2953 2199 3061; baseline 0.004 -27"><span class='ocrx_word' id='word_1_276' title='bbox 652 2953 810 3035; x_wconf 70' lang='lat' dir='ltr'>Rus</span> <span class='ocrx_word' id='word_1_277' title='bbox 864 2959 941 3034; x_wconf 89' lang='lat' dir='ltr'>in</span> <span class='ocrx_word' id='word_1_278' title='bbox 994 2960 1114 3037; x_wconf 88' lang='lat' dir='ltr'>sua</span> <span class='ocrx_word' id='word_1_279' title='bbox 1165 2960 1374 3057; x_wconf 84' lang='lat' dir='ltr'>causa</span> <span class='ocrx_word' id='word_1_280' title='bbox 1424 2960 1841 3058; x_wconf 87' lang='lat' dir='ltr'>aliqualiter</span> <span class='ocrx_word' id='word_1_281' title='bbox 1908 2964 2199 3061; x_wconf 86' lang='lat' dir='ltr'>praeexi·</span> 
     </span>
    </p>

    <p class='ocr_par' dir='ltr' id='par_1_11' title="bbox 650 3055 2211 3161">
     <span class='ocr_line' id='line_1_27' title="bbox 650 3055 2211 3161; baseline 0.006 -28"><span class='ocrx_word' id='word_1_282' title='bbox 650 3055 815 3151; x_wconf 78' lang='lat' dir='ltr'>stit,</span> <span class='ocrx_word' id='word_1_283' title='bbox 865 3082 1034 3135; x_wconf 90' lang='lat' dir='ltr'>cum</span> <span class='ocrx_word' id='word_1_284' title='bbox 1084 3085 1307 3137; x_wconf 90' lang='lat' dir='ltr'>omne</span> <span class='ocrx_word' id='word_1_285' title='bbox 1357 3086 1577 3160; x_wconf 84' lang='lat' dir='ltr'>agens</span> <span class='ocrx_word' id='word_1_286' title='bbox 1627 3080 1796 3161; x_wconf 87' lang='lat' dir='ltr'>agat</span> <span class='ocrx_word' id='word_1_287' title='bbox 1845 3062 1976 3140; x_wconf 86' lang='lat' dir='ltr'>fibi</span> <span class='ocrx_word' id='word_1_288' title='bbox 2012 3063 2211 3142; x_wconf 56' lang='lat' dir='ltr'>simi-⁴</span> 
     </span>
    </p>

    <p class='ocr_par' dir='ltr' id='par_1_12' title="bbox 657 3150 2204 3265">
     <span class='ocr_line' id='line_1_28' title="bbox 657 3150 2204 3265; baseline 0.006 -32"><span class='ocrx_word' id='word_1_289' title='bbox 657 3154 762 3234; x_wconf 82' lang='lat' dir='ltr'>le.</span> <span class='ocrx_word' id='word_1_290' title='bbox 819 3160 1070 3235; x_wconf 89' lang='lat' dir='ltr'>Omne</span> <span class='ocrx_word' id='word_1_291' title='bbox 1120 3179 1365 3238; x_wconf 80' lang='lat' dir='ltr'>autem</span> <span class='ocrx_word' id='word_1_292' title='bbox 1416 3163 1613 3257; x_wconf 89' lang='lat' dir='ltr'>quod</span> <span class='ocrx_word' id='word_1_293' title='bbox 1664 3150 1762 3239; x_wconf 85' lang='lat' dir='ltr'>est</span> <span class='ocrx_word' id='word_1_294' title='bbox 1818 3162 1897 3239; x_wconf 91' lang='lat' dir='ltr'>in</span> <span class='ocrx_word' id='word_1_295' title='bbox 1930 3166 2204 3265; x_wconf 86' lang='lat' dir='ltr'>aliqu0‚</span> 
     </span>
    </p>

    <p class='ocr_par' dir='ltr' id='par_1_13' title="bbox 660 3258 2206 3361">
     <span class='ocr_line' id='line_1_29' title="bbox 660 3258 2206 3361; baseline -0.001 -20"><span class='ocrx_word' id='word_1_296' title='bbox 660 3258 761 3341; x_wconf 82' lang='lat' dir='ltr'>est</span> <span class='ocrx_word' id='word_1_297' title='bbox 817 3259 897 3334; x_wconf 91' lang='lat' dir='ltr'>in</span> <span class='ocrx_word' id='word_1_298' title='bbox 949 3284 1040 3336; x_wconf 90' lang='lat' dir='ltr'>eo</span> <span class='ocrx_word' id='word_1_299' title='bbox 1091 3283 1216 3358; x_wconf 90' lang='lat' dir='ltr'>per</span> <span class='ocrx_word' id='word_1_300' title='bbox 1267 3262 1571 3336; x_wconf 91' lang='lat' dir='ltr'>modum</span> <span class='ocrx_word' id='word_1_301' title='bbox 1600 3261 1750 3358; x_wconf 79' lang='lat' dir='ltr'>ejus</span> <span class='ocrx_word' id='word_1_302' title='bbox 1806 3259 1883 3339; x_wconf 92' lang='lat' dir='ltr'>in</span> <span class='ocrx_word' id='word_1_303' title='bbox 1912 3291 2063 3361; x_wconf 91' lang='lat' dir='ltr'>quo</span> <span class='ocrx_word' id='word_1_304' title='bbox 2081 3265 2206 3340; x_wconf 88' lang='lat' dir='ltr'>est.</span> 
     </span>
    </p>

    <p class='ocr_par' dir='ltr' id='par_1_14' title="bbox 665 3359 2215 3457">
     <span class='ocr_line' id='line_1_30' title="bbox 665 3359 2215 3457; baseline 0.002 -19"><span class='ocrx_word' id='word_1_305' title='bbox 665 3360 748 3438; x_wconf 88' lang='lat' dir='ltr'>Si</span> <span class='ocrx_word' id='word_1_306' title='bbox 800 3359 1025 3457; x_wconf 90' lang='lat' dir='ltr'>igitur</span> <span class='ocrx_word' id='word_1_307' title='bbox 1079 3364 1277 3436; x_wconf 83' lang='lat' dir='ltr'>Deus</span> <span class='ocrx_word' id='word_1_308' title='bbox 1330 3360 1736 3457; x_wconf 83' lang='lat' dir='ltr'>aliquarum</span> <span class='ocrx_word' id='word_1_309' title='bbox 1805 3387 2052 3440; x_wconf 90' lang='lat' dir='ltr'>rerum</span> <span class='ocrx_word' id='word_1_310' title='bbox 2119 3365 2215 3441; x_wconf 84' lang='lat' dir='ltr'>est</span> 
     </span>
    </p>

    <p class='ocr_par' dir='ltr' id='par_1_15' title="bbox 662 3460 2220 3559">
     <span class='ocr_line' id='line_1_31' title="bbox 662 3460 2220 3559; baseline 0.001 -19"><span class='ocrx_word' id='word_1_311' title='bbox 662 3460 918 3555; x_wconf 80' lang='lat' dir='ltr'>causa,</span> <span class='ocrx_word' id='word_1_312' title='bbox 969 3486 1196 3559; x_wconf 91' lang='lat' dir='ltr'>quum</span> <span class='ocrx_word' id='word_1_313' title='bbox 1251 3460 1400 3558; x_wconf 87' lang='lat' dir='ltr'>ipse</span> <span class='ocrx_word' id='word_1_314' title='bbox 1454 3460 1537 3537; x_wconf 79' lang='lat' dir='ltr'>fit</span> <span class='ocrx_word' id='word_1_315' title='bbox 1577 3461 1965 3538; x_wconf 91' lang='lat' dir='ltr'>secundum</span> <span class='ocrx_word' id='word_1_316' title='bbox 2019 3462 2220 3541; x_wconf 85' lang='lat' dir='ltr'>suam</span> 
     </span>
    </p>

    <p class='ocr_par' dir='ltr' id='par_1_16' title="bbox 665 3559 2219 3653">
     <span class='ocr_line' id='line_1_32' title="bbox 665 3559 2219 3653; baseline 0.002 -14"><span class='ocrx_word' id='word_1_317' title='bbox 665 3579 1003 3639; x_wconf 83' lang='lat' dir='ltr'>naturam</span> <span class='ocrx_word' id='word_1_318' title='bbox 1039 3559 1550 3640; x_wconf 64' lang='lat' dir='ltr'>intellefflualis</span> <span class='ocrx_word' id='word_1_319' title='bbox 1573 3615 1598 3653; x_wconf 88' lang='lat'>‚</span> <span class='ocrx_word' id='word_1_320' title='bbox 1639 3561 2033 3641; x_wconf 74' lang='lat' dir='ltr'>similitudo</span> <span class='ocrx_word' id='word_1_321' title='bbox 2055 3590 2219 3642; x_wconf 88' lang='lat' dir='ltr'>cau-</span> 
     </span>
    </p>

    <p class='ocr_par' dir='ltr' id='par_1_17' title="bbox 667 3661 2222 3765">
     <span class='ocr_line' id='line_1_33' title="bbox 667 3661 2222 3765; baseline 0.002 -24"><span class='ocrx_word' id='word_1_322' title='bbox 667 3661 802 3741; x_wconf 82' lang='lat' dir='ltr'>sati</span> <span class='ocrx_word' id='word_1_323' title='bbox 856 3661 961 3739; x_wconf 87' lang='lat' dir='ltr'>sui</span> <span class='ocrx_word' id='word_1_324' title='bbox 1004 3663 1082 3739; x_wconf 91' lang='lat' dir='ltr'>in</span> <span class='ocrx_word' id='word_1_325' title='bbox 1099 3689 1190 3741; x_wconf 90' lang='lat' dir='ltr'>eo</span> <span class='ocrx_word' id='word_1_326' title='bbox 1212 3663 1350 3739; x_wconf 89' lang='lat' dir='ltr'>erit</span> <span class='ocrx_word' id='word_1_327' title='bbox 1377 3661 1972 3760; x_wconf 87' lang='lat' dir='ltr'>intelligibiliter.</span> <span class='ocrx_word' id='word_1_328' title='bbox 1998 3666 2222 3765; x_wconf 86' lang='lat' dir='ltr'>Quod</span> 
     </span>
    </p>

    <p class='ocr_par' dir='ltr' id='par_1_18' title="bbox 670 3762 2221 3864">
     <span class='ocr_line' id='line_1_34' title="bbox 670 3762 2221 3864; baseline 0 -21"><span class='ocrx_word' id='word_1_329' title='bbox 670 3780 919 3843; x_wconf 83' lang='lat' dir='ltr'>autem</span> <span class='ocrx_word' id='word_1_330' title='bbox 973 3762 1071 3840; x_wconf 92' lang='lat' dir='ltr'>est</span> <span class='ocrx_word' id='word_1_331' title='bbox 1124 3765 1203 3842; x_wconf 91' lang='lat' dir='ltr'>in</span> <span class='ocrx_word' id='word_1_332' title='bbox 1256 3764 1508 3864; x_wconf 86' lang='lat' dir='ltr'>aliquo</span> <span class='ocrx_word' id='word_1_333' title='bbox 1575 3787 1701 3862; x_wconf 92' lang='lat' dir='ltr'>per</span> <span class='ocrx_word' id='word_1_334' title='bbox 1757 3766 2060 3843; x_wconf 91' lang='lat' dir='ltr'>modum</span> <span class='ocrx_word' id='word_1_335' title='bbox 2115 3767 2221 3843; x_wconf 89' lang='lat' dir='ltr'>in-</span> 
     </span>
    </p>

    <p class='ocr_par' dir='ltr' id='par_1_19' title="bbox 674 3863 2224 3964">
     <span class='ocr_line' id='line_1_35' title="bbox 674 3863 2224 3964; baseline 0.001 -20"><span class='ocrx_word' id='word_1_336' title='bbox 674 3863 1189 3963; x_wconf 84' lang='lat' dir='ltr'>telligibilem,</span> <span class='ocrx_word' id='word_1_337' title='bbox 1238 3869 1332 3942; x_wconf 83' lang='lat' dir='ltr'>ab</span> <span class='ocrx_word' id='word_1_338' title='bbox 1384 3864 1967 3964; x_wconf 82' lang='lat' dir='ltr'>cointelligitur.</span> <span class='ocrx_word' id='word_1_339' title='bbox 2026 3870 2224 3946; x_wconf 86' lang='lat' dir='ltr'>Deus</span> 
     </span>
    </p>

    <p class='ocr_par' dir='ltr' id='par_1_20' title="bbox 670 3965 2226 4067">
     <span class='ocr_line' id='line_1_36' title="bbox 670 3965 2226 4067; baseline -0.001 -20"><span class='ocrx_word' id='word_1_340' title='bbox 670 3966 908 4065; x_wconf 70' lang='lat' dir='ltr'>igitur</span> <span class='ocrx_word' id='word_1_341' title='bbox 956 3989 1065 4043; x_wconf 88' lang='lat' dir='ltr'>res</span> <span class='ocrx_word' id='word_1_342' title='bbox 1081 3968 1258 4043; x_wconf 82' lang='lat' dir='ltr'>alias</span> <span class='ocrx_word' id='word_1_343' title='bbox 1310 3993 1353 4041; x_wconf 88' lang='lat' dir='ltr'>a</span> <span class='ocrx_word' id='word_1_344' title='bbox 1383 3967 1451 4042; x_wconf 90' lang='lat' dir='ltr'>se</span> <span class='ocrx_word' id='word_1_345' title='bbox 1474 3965 1628 4064; x_wconf 88' lang='lat' dir='ltr'>ipso</span> <span class='ocrx_word' id='word_1_346' title='bbox 1643 3991 1811 4042; x_wconf 90' lang='lat' dir='ltr'>vere</span> <span class='ocrx_word' id='word_1_347' title='bbox 1833 3968 2226 4067; x_wconf 90' lang='lat' dir='ltr'>cognoscit.</span> 
     </span>
    </p>

    <p class='ocr_par' dir='ltr' id='par_1_21' title="bbox 677 4062 3909 5051">
     <span class='ocr_line' id='line_1_37' title="bbox 752 4062 3876 4169; baseline -0.002 -23"><span class='ocrx_word' id='word_1_348' title='bbox 752 4094 852 4169; x_wconf 77' lang='lat'>·3.</span> <span class='ocrx_word' id='word_1_349' title='bbox 910 4068 1288 4166; x_wconf 85' lang='lat' dir='ltr'>Amplius.</span> <span class='ocrx_word' id='word_1_350' title='bbox 1344 4067 1813 4166; x_wconf 83' lang='lat' dir='ltr'>Quicumque</span> <span class='ocrx_word' id='word_1_351' title='bbox 1857 4070 2232 4166; x_wconf 86' lang='lat' dir='ltr'>cognoscit</span> <span class='ocrx_word' id='word_1_352' title='bbox 2344 4090 2349 4094; x_wconf 77' lang='grc'><strong><em>’</em></strong></span> <span class='ocrx_word' id='word_1_353' title='bbox 2447 4096 2506 4143; x_wconf 86' lang='lat'>1.</span> <span class='ocrx_word' id='word_1_354' title='bbox 2564 4070 2683 4145; x_wconf 85' lang='lat' dir='ltr'>Ad</span> <span class='ocrx_word' id='word_1_355' title='bbox 2737 4065 2945 4158; x_wconf 73' lang='lat' dir='ltr'>huius</span> <span class='ocrx_word' id='word_1_356' title='bbox 2998 4085 3244 4143; x_wconf 85' lang='lat' dir='ltr'>autem</span> <span class='ocrx_word' id='word_1_357' title='bbox 3315 4062 3797 4142; x_wconf 84' lang='lat' dir='ltr'>ostensionem</span> <span class='ocrx_word' id='word_1_358' title='bbox 3846 4105 3876 4160; x_wconf 78' lang='lat'>,</span> 
     </span>
     <span class='ocr_line' id='line_1_38' title="bbox 679 4163 3888 4268; baseline -0.001 -25"><span class='ocrx_word' id='word_1_359' title='bbox 679 4166 998 4268; x_wconf 83' lang='lat' dir='ltr'>perfecte</span> <span class='ocrx_word' id='word_1_360' title='bbox 1047 4192 1205 4243; x_wconf 91' lang='lat' dir='ltr'>rem</span> <span class='ocrx_word' id='word_1_361' title='bbox 1236 4165 1610 4263; x_wconf 69' lang='lat' dir='ltr'>aliquam,</span> <span class='ocrx_word' id='word_1_362' title='bbox 1654 4169 2027 4265; x_wconf 89' lang='lat' dir='ltr'>cognoscit</span> <span class='ocrx_word' id='word_1_363' title='bbox 2076 4194 2232 4245; x_wconf 89' lang='lat' dir='ltr'>om·</span> <span class='ocrx_word' id='word_1_364' title='bbox 2335 4172 2585 4246; x_wconf 91' lang='lat' dir='ltr'>Deum</span> <span class='ocrx_word' id='word_1_365' title='bbox 2637 4169 2777 4244; x_wconf 80' lang='lat' dir='ltr'>ess&#39;e</span> <span class='ocrx_word' id='word_1_366' title='bbox 2827 4168 3113 4244; x_wconf 84' lang='lat' dir='ltr'>causam</span> <span class='ocrx_word' id='word_1_367' title='bbox 3165 4166 3406 4243; x_wconf 89' lang='lat' dir='ltr'>omnis</span> <span class='ocrx_word' id='word_1_368' title='bbox 3473 4166 3660 4243; x_wconf 86' lang='lat' dir='ltr'>entis</span> <span class='ocrx_word' id='word_1_369' title='bbox 3731 4163 3888 4263; x_wconf 77' lang='lat' dir='ltr'>sup-</span> 
     </span>
     <span class='ocr_line' id='line_1_39' title="bbox 684 4264 3890 4368; baseline -0.001 -24"><span class='ocrx_word' id='word_1_370' title='bbox 684 4267 810 4344; x_wconf 86' lang='lat' dir='ltr'>nia</span> <span class='ocrx_word' id='word_1_371' title='bbox 861 4291 1015 4363; x_wconf 82' lang='lat' dir='ltr'>quae</span> <span class='ocrx_word' id='word_1_372' title='bbox 1067 4270 1158 4344; x_wconf 90' lang='lat' dir='ltr'>de</span> <span class='ocrx_word' id='word_1_373' title='bbox 1209 4290 1286 4347; x_wconf 83' lang='lat' dir='ltr'>re</span> <span class='ocrx_word' id='word_1_374' title='bbox 1340 4264 1465 4342; x_wconf 84' lang='lat' dir='ltr'>illa</span> <span class='ocrx_word' id='word_1_375' title='bbox 1519 4291 1689 4343; x_wconf 90' lang='lat' dir='ltr'>vere</span> <span class='ocrx_word' id='word_1_376' title='bbox 1746 4269 2027 4365; x_wconf 88' lang='lat' dir='ltr'>possunt</span> <span class='ocrx_word' id='word_1_377' title='bbox 2063 4269 2236 4363; x_wconf 87' lang='lat' dir='ltr'>dici,</span> <span class='ocrx_word' id='word_1_378' title='bbox 2338 4286 2686 4368; x_wconf 81' lang='lat' dir='ltr'>ponatur,</span> <span class='ocrx_word' id='word_1_379' title='bbox 2738 4269 2934 4366; x_wconf 91' lang='lat' dir='ltr'>quod</span> <span class='ocrx_word' id='word_1_380' title='bbox 2982 4292 3073 4345; x_wconf 80' lang='lat' dir='ltr'>ex</span> <span class='ocrx_word' id='word_1_381' title='bbox 3145 4264 3562 4365; x_wconf 58' lang='lat' dir='ltr'>supradictis</span> <span class='ocrx_word' id='word_1_382' title='bbox 3613 4266 3890 4365; x_wconf 85' lang='lat' dir='ltr'>aliqua-</span> 
     </span>
     <span class='ocr_line' id='line_1_40' title="bbox 686 4365 3890 4469; baseline 0.001 -26"><span class='ocrx_word' id='word_1_383' title='bbox 686 4366 764 4443; x_wconf 88' lang='lat'>&amp;</span> <span class='ocrx_word' id='word_1_384' title='bbox 816 4391 973 4463; x_wconf 85' lang='lat' dir='ltr'>quae</span> <span class='ocrx_word' id='word_1_385' title='bbox 1024 4366 1095 4441; x_wconf 89' lang='lat' dir='ltr'>ei</span> <span class='ocrx_word' id='word_1_386' title='bbox 1146 4368 1600 4444; x_wconf 91' lang='lat' dir='ltr'>conveniunt</span> <span class='ocrx_word' id='word_1_387' title='bbox 1653 4367 2042 4447; x_wconf 89' lang='lat' dir='ltr'>secundum</span> <span class='ocrx_word' id='word_1_388' title='bbox 2113 4394 2237 4447; x_wconf 86' lang='lat' dir='ltr'>na·</span> <span class='ocrx_word' id='word_1_389' title='bbox 2341 4387 2549 4447; x_wconf 85' lang='lat' dir='ltr'>tenus</span> <span class='ocrx_word' id='word_1_390' title='bbox 2585 4424 2612 4463; x_wconf 90' lang='lat'>.,</span> <span class='ocrx_word' id='word_1_391' title='bbox 2663 4370 2734 4446; x_wconf 71' lang='lat'>3&lt;</span> <span class='ocrx_word' id='word_1_392' title='bbox 2790 4365 2977 4450; x_wconf 74' lang='lat' dir='ltr'>infra</span> <span class='ocrx_word' id='word_1_393' title='bbox 3027 4368 3052 4463; x_wconf 97' lang='lat'>(</span> <span class='ocrx_word' id='word_1_394' title='bbox 3112 4373 3209 4447; x_wconf 92' lang='lat' dir='ltr'>II.</span> <span class='ocrx_word' id='word_1_395' title='bbox 3268 4370 3429 4447; x_wconf 90' lang='lat' dir='ltr'>Lib.</span> <span class='ocrx_word' id='word_1_396' title='bbox 3480 4394 3634 4469; x_wconf 85' lang='lat' dir='ltr'>cap.</span> <span class='ocrx_word' id='word_1_397' title='bbox 3684 4390 3803 4445; x_wconf 80' lang='lat' dir='ltr'>xv.</span> <span class='ocrx_word' id='word_1_398' title='bbox 3860 4365 3890 4463; x_wconf 93' lang='lat'>)</span> 
     </span>
     <span class='ocr_line' id='line_1_41' title="bbox 693 4467 3889 4571; baseline -0.001 -27"><span class='ocrx_word' id='word_1_399' title='bbox 693 4481 934 4544; x_wconf 82' lang='lat' dir='ltr'>turam</span> <span class='ocrx_word' id='word_1_400' title='bbox 969 4521 988 4540; x_wconf 90' lang='lat'>.</span> <span class='ocrx_word' id='word_1_401' title='bbox 1061 4469 1231 4542; x_wconf 89' lang='lat' dir='ltr'>Deo</span> <span class='ocrx_word' id='word_1_402' title='bbox 1297 4485 1543 4544; x_wconf 85' lang='lat' dir='ltr'>autem</span> <span class='ocrx_word' id='word_1_403' title='bbox 1596 4467 1986 4545; x_wconf 89' lang='lat' dir='ltr'>secundum</span> <span class='ocrx_word' id='word_1_404' title='bbox 2039 4470 2241 4547; x_wconf 85' lang='lat' dir='ltr'>suam</span> <span class='ocrx_word' id='word_1_405' title='bbox 2346 4470 2629 4570; x_wconf 84' lang='lat' dir='ltr'>plenius</span> <span class='ocrx_word' id='word_1_406' title='bbox 2680 4469 3130 4547; x_wconf 87' lang='lat' dir='ltr'>ostendetur.</span> <span class='ocrx_word' id='word_1_407' title='bbox 3182 4469 3302 4549; x_wconf 87' lang='lat' dir='ltr'>Sic</span> <span class='ocrx_word' id='word_1_408' title='bbox 3329 4472 3552 4571; x_wconf 90' lang='lat' dir='ltr'>igitur</span> <span class='ocrx_word' id='word_1_409' title='bbox 3602 4467 3889 4547; x_wconf 86' lang='lat' dir='ltr'>nihilin</span> 
     </span>
     <span class='ocr_line' id='line_1_42' title="bbox 693 4568 3893 4673; baseline 0 -29"><span class='ocrx_word' id='word_1_410' title='bbox 693 4582 1033 4644; x_wconf 77' lang='lat' dir='ltr'>naturam</span> <span class='ocrx_word' id='word_1_411' title='bbox 1107 4568 1455 4645; x_wconf 90' lang='lat' dir='ltr'>convenit</span> <span class='ocrx_word' id='word_1_412' title='bbox 1515 4570 1711 4668; x_wconf 91' lang='lat' dir='ltr'>quod</span> <span class='ocrx_word' id='word_1_413' title='bbox 1780 4568 1865 4647; x_wconf 85' lang='lat' dir='ltr'>fit</span> <span class='ocrx_word' id='word_1_414' title='bbox 1929 4570 2245 4647; x_wconf 86' lang='lat' dir='ltr'>aliorum</span> <span class='ocrx_word' id='word_1_415' title='bbox 2347 4573 2594 4670; x_wconf 83' lang='lat' dir='ltr'>aliqua</span> <span class='ocrx_word' id='word_1_416' title='bbox 2647 4597 2725 4648; x_wconf 91' lang='lat' dir='ltr'>re</span> <span class='ocrx_word' id='word_1_417' title='bbox 2777 4572 2915 4646; x_wconf 79' lang='lat' dir='ltr'>effe</span> <span class='ocrx_word' id='word_1_418' title='bbox 2970 4571 3443 4673; x_wconf 66' lang='lat' dir='ltr'>potest&#39;quod</span> <span class='ocrx_word' id='word_1_419' title='bbox 3483 4597 3633 4649; x_wconf 92' lang='lat' dir='ltr'>non</span> <span class='ocrx_word' id='word_1_420' title='bbox 3685 4569 3770 4646; x_wconf 88' lang='lat' dir='ltr'>fit</span> <span class='ocrx_word' id='word_1_421' title='bbox 3795 4570 3893 4645; x_wconf 86' lang='lat' dir='ltr'>ab</span> 
     </span>
     <span class='ocr_line' id='line_1_43' title="bbox 677 4666 3899 4770; baseline 0.001 -25"><span class='ocrx_word' id='word_1_422' title='bbox 677 4666 941 4749; x_wconf 83' lang='lat' dir='ltr'>causa.</span> <span class='ocrx_word' id='word_1_423' title='bbox 993 4670 1188 4744; x_wconf 91' lang='lat' dir='ltr'>Cum</span> <span class='ocrx_word' id='word_1_424' title='bbox 1242 4667 1835 4766; x_wconf 60' lang='lat' dir='ltr'>igiturperfeRe</span> <span class='ocrx_word' id='word_1_425' title='bbox 1890 4670 1959 4747; x_wconf 90' lang='lat' dir='ltr'>se</span> <span class='ocrx_word' id='word_1_426' title='bbox 2014 4672 2246 4770; x_wconf 92' lang='lat' dir='ltr'>ipsum</span> <span class='ocrx_word' id='word_1_427' title='bbox 2351 4698 2444 4750; x_wconf 90' lang='lat' dir='ltr'>eo</span> <span class='ocrx_word' id='word_1_428' title='bbox 2511 4673 2877 4750; x_wconf 82' lang='lat' dir='ltr'>causatum</span> <span class='ocrx_word' id='word_1_429' title='bbox 2945 4673 3063 4750; x_wconf 89' lang='lat' dir='ltr'>vel</span> <span class='ocrx_word' id='word_1_430' title='bbox 3136 4676 3504 4767; x_wconf 80' lang='lat' dir='ltr'>mediate,</span> <span class='ocrx_word' id='word_1_431' title='bbox 3589 4672 3707 4749; x_wconf 90' lang='lat' dir='ltr'>vel</span> <span class='ocrx_word' id='word_1_432' title='bbox 3761 4671 3899 4749; x_wconf 88' lang='lat' dir='ltr'>im-</span> 
     </span>
     <span class='ocr_line' id='line_1_44' title="bbox 699 4764 3900 4876; baseline 0.002 -30"><span class='ocrx_word' id='word_1_433' title='bbox 699 4764 1091 4865; x_wconf 86' lang='lat' dir='ltr'>cognoscat</span> <span class='ocrx_word' id='word_1_434' title='bbox 1126 4821 1153 4861; x_wconf 81' lang='lat'>,</span> <span class='ocrx_word' id='word_1_435' title='bbox 1198 4767 1578 4866; x_wconf 90' lang='lat' dir='ltr'>cognoscit</span> <span class='ocrx_word' id='word_1_436' title='bbox 1630 4768 1699 4846; x_wconf 93' lang='lat' dir='ltr'>se</span> <span class='ocrx_word' id='word_1_437' title='bbox 1747 4773 1885 4848; x_wconf 80' lang='lat' dir='ltr'>effe</span> <span class='ocrx_word' id='word_1_438' title='bbox 1937 4774 2249 4850; x_wconf 84' lang='lat' dir='ltr'>causam:</span> <span class='ocrx_word' id='word_1_439' title='bbox 2353 4774 2704 4851; x_wconf 83' lang='lat' dir='ltr'>mediate.</span> <span class='ocrx_word' id='word_1_440' title='bbox 2757 4776 3074 4876; x_wconf 86' lang='lat' dir='ltr'>Cognita</span> <span class='ocrx_word' id='word_1_441' title='bbox 3109 4796 3355 4855; x_wconf 88' lang='lat' dir='ltr'>autem</span> <span class='ocrx_word' id='word_1_442' title='bbox 3406 4773 3610 4852; x_wconf 83' lang='lat' dir='ltr'>causa</span> <span class='ocrx_word' id='word_1_443' title='bbox 3632 4798 3900 4871; x_wconf 90' lang='lat' dir='ltr'>cogno·</span> 
     </span>
     <span class='ocr_line' id='line_1_45' title="bbox 702 4867 3909 5051; baseline 0.001 -104"><span class='ocrx_word' id='word_1_444' title='bbox 702 4868 903 4969; x_wconf 87' lang='lat' dir='ltr'>quod</span> <span class='ocrx_word' id='word_1_445' title='bbox 953 4869 1094 4945; x_wconf 81' lang='lat' dir='ltr'>effe</span> <span class='ocrx_word' id='word_1_446' title='bbox 1147 4892 1298 4947; x_wconf 93' lang='lat' dir='ltr'>non</span> <span class='ocrx_word' id='word_1_447' title='bbox 1349 4867 1629 4968; x_wconf 82' lang='lat' dir='ltr'>potest,</span> <span class='ocrx_word' id='word_1_448' title='bbox 1677 4869 1809 4945; x_wconf 81' lang='lat' dir='ltr'>nili</span> <span class='ocrx_word' id='word_1_449' title='bbox 1863 4874 2251 4970; x_wconf 86' lang='lat' dir='ltr'>cognoscat</span> <span class='ocrx_word' id='word_1_450' title='bbox 2353 4874 2570 4955; x_wconf 89' lang='lat' dir='ltr'>scitur</span> <span class='ocrx_word' id='word_1_451' title='bbox 2621 4873 2771 4973; x_wconf 74' lang='lat' dir='ltr'>ejus</span> <span class='ocrx_word' id='word_1_452' title='bbox 2823 4876 3117 4956; x_wconf 87' lang='lat' dir='ltr'>effectus</span> <span class='ocrx_word' id='word_1_453' title='bbox 3159 4936 3178 4954; x_wconf 90' lang='lat'>.</span> <span class='ocrx_word' id='word_1_454' title='bbox 3251 4875 3625 4975; x_wconf 90' lang='lat' dir='ltr'>Quicquid</span> <span class='ocrx_word' id='word_1_455' title='bbox 3675 4875 3909 5051; x_wconf 56' lang='lat' dir='ltr'>iginii</span> 
     </span>
    </p>

    <p class='ocr_par' dir='ltr' id='par_1_22' title="bbox 748 4987 3850 5049">
     <span class='ocr_line' id='line_1_46' title="bbox 748 4987 3850 5049; baseline 0.002 -48"><span class='ocrx_word' id='word_1_456' title='bbox 748 4987 758 5001; x_wconf 35' lang='grc' dir='ltr'><em>ι</em></span> <span class='ocrx_word' id='word_1_457' title='bbox 2340 5043 2345 5046; x_wconf 13' lang='grc' dir='ltr'>η</span> <span class='ocrx_word' id='word_1_458' title='bbox 3550 5032 3558 5040; x_wconf 31' lang='lat'><strong>·</strong></span> <span class='ocrx_word' id='word_1_459' title='bbox 3807 4997 3850 5049; x_wconf 67' lang='lat' dir='ltr'>e</span> 
     </span>
    </p>

    <p class='ocr_par' dir='ltr' id='par_1_23' title="bbox 760 5060 3884 5203">
     <span class='ocr_line' id='line_1_47' title="bbox 760 5060 3884 5115; baseline -0.001 -12"><span class='ocrx_word' id='word_1_460' title='bbox 760 5060 3837 5115; x_wconf 50' lang='lat' dir='ltr'>mm-</span> <span class='ocrx_word' id='word_1_461' title='bbox 3877 5071 3884 5080; x_wconf 93' lang='lat'><strong>·</strong></span> 
     </span>
     <span class='ocr_line' id='line_1_48' title="bbox 776 5096 3478 5203; baseline 0.001 -16"><span class='ocrx_word' id='word_1_462' title='bbox 776 5096 1987 5203; x_wconf 56' lang='grc' dir='ltr'>’ὁΤιῖᾶυΤέῖ-ῑῧὶῐῖῖἶοίῑῐξῖιῖαο.</span> <span class='ocrx_word' id='word_1_463' title='bbox 2191 5136 2199 5145; x_wconf 94' lang='grc'><em>·</em></span> <span class='ocrx_word' id='word_1_464' title='bbox 2771 5134 2779 5141; x_wconf 90' lang='grc'><em>·</em></span> <span class='ocrx_word' id='word_1_465' title='bbox 3473 5134 3478 5138; x_wconf 90' lang='grc'><em>·</em></span> 
     </span>
    </p>
   </div>
   <div class='ocr_carea' id='block_1_5' title="bbox 1913 5112 2287 5137">
    <p class='ocr_par' dir='ltr' id='par_1_24' title="bbox 1913 5112 2287 5137">
     <span class='ocr_line' id='line_1_49' title="bbox 1913 5112 2287 5137; baseline 0 559"><span class='ocrx_word' id='word_1_466' title='bbox 1913 5112 2287 5137; x_wconf 95' lang='lat' dir='ltr'> </span> 
     </span>
    </p>
   </div>
   <div class='ocr_carea' id='block_1_6' title="bbox 2313 5107 3800 5146">
    <p class='ocr_par' dir='ltr' id='par_1_25' title="bbox 2313 5107 3800 5146">
     <span class='ocr_line' id='line_1_50' title="bbox 2313 5107 3800 5146; baseline 0 550"><span class='ocrx_word' id='word_1_467' title='bbox 2313 5107 3800 5146; x_wconf 95' lang='lat' dir='ltr'> </span> 
     </span>
    </p>
   </div>
  </div>
 </body>
</html>
