<?xml version="1.0" encoding="UTF-8"?>
<!DOCTYPE html PUBLIC "-//W3C//DTD XHTML 1.0 Transitional//EN"
    "http://www.w3.org/TR/xhtml1/DTD/xhtml1-transitional.dtd">
<html xmlns="http://www.w3.org/1999/xhtml" xml:lang="en" lang="en">
 <head>
  <title>
</title>
<meta http-equiv="Content-Type" content="text/html;charset=utf-8" />
  <meta name='ocr-system' content='tesseract 3.04.00' />
  <meta name='ocr-capabilities' content='ocr_page ocr_carea ocr_par ocr_line ocrx_word'/>
</head>
<body>
  <div class='ocr_page' id='page_1' title='image "./summacontragent00aqugoog_0098.png"; bbox 0 0 4597 5696; ppageno 0'>
   <div class='ocr_carea' id='block_1_1' title="bbox 734 381 3339 530">
    <p class='ocr_par' dir='ltr' id='par_1_1' title="bbox 734 381 3339 530">
     <span class='ocr_line' id='line_1_1' title="bbox 734 381 3339 530; baseline 0.002 -41"><span class='ocrx_word' id='word_1_1' title='bbox 734 433 825 504; x_wconf 67' lang='lat'>58</span> <span class='ocrx_word' id='word_1_2' title='bbox 932 457 937 481; x_wconf 38' lang='grc' dir='ltr'>ι,</span> <span class='ocrx_word' id='word_1_3' title='bbox 1403 433 1535 498; x_wconf 72' lang='grc' dir='ltr'>οε</span> <span class='ocrx_word' id='word_1_4' title='bbox 1581 381 2178 498; x_wconf 54' lang='lat' dir='ltr'>veni-rara</span> <span class='ocrx_word' id='word_1_5' title='bbox 2236 423 2942 494; x_wconf 60' lang='lat' dir='ltr'>cai-nomem</span> <span class='ocrx_word' id='word_1_6' title='bbox 3003 422 3339 530; x_wconf 21' lang='lat' dir='ltr'>From*</span> 
     </span>
    </p>
   </div>
   <div class='ocr_carea' id='block_1_2' title="bbox 694 518 3972 5042">
    <p class='ocr_par' dir='ltr' id='par_1_2' title="bbox 694 518 3972 3211">
     <span class='ocr_line' id='line_1_2' title="bbox 748 518 3972 652; baseline 0.002 -48"><span class='ocrx_word' id='word_1_7' title='bbox 748 518 1036 628; x_wconf 61' lang='lat' dir='ltr'>oporiet</span> <span class='ocrx_word' id='word_1_8' title='bbox 1088 533 1283 630; x_wconf 89' lang='lat' dir='ltr'>quod</span> <span class='ocrx_word' id='word_1_9' title='bbox 1334 528 1421 612; x_wconf 88' lang='lat' dir='ltr'>fit</span> <span class='ocrx_word' id='word_1_10' title='bbox 1469 554 1813 636; x_wconf 73' lang='lat' dir='ltr'>appeteris</span> <span class='ocrx_word' id='word_1_11' title='bbox 1848 536 1998 633; x_wconf 69' lang='lat' dir='ltr'>„Sc</span> <span class='ocrx_word' id='word_1_12' title='bbox 2051 552 2297 635; x_wconf 80' lang='lat' dir='ltr'>appi-e·</span> <span class='ocrx_word' id='word_1_13' title='bbox 2399 531 2594 613; x_wconf 64' lang='lat' dir='ltr'>leEiu</span> <span class='ocrx_word' id='word_1_14' title='bbox 2639 589 2658 610; x_wconf 89' lang='lat'><strong>.</strong></span> <span class='ocrx_word' id='word_1_15' title='bbox 2732 539 3050 634; x_wconf 84' lang='lat' dir='ltr'>Oportet</span> <span class='ocrx_word' id='word_1_16' title='bbox 3121 536 3347 636; x_wconf 82' lang='lat' dir='ltr'>igitur</span> <span class='ocrx_word' id='word_1_17' title='bbox 3416 530 3737 652; x_wconf 77' lang='lat' dir='ltr'>primum</span> <span class='ocrx_word' id='word_1_18' title='bbox 3785 541 3972 614; x_wconf 69' lang='lat' dir='ltr'>in00.</span> 
     </span>
     <span class='ocr_line' id='line_1_3' title="bbox 746 628 3947 739; baseline 0.002 -35"><span class='ocrx_word' id='word_1_19' title='bbox 746 628 1102 709; x_wconf 83' lang='lat' dir='ltr'>hendens.</span> <span class='ocrx_word' id='word_1_20' title='bbox 1159 635 1248 710; x_wconf 91' lang='lat' dir='ltr'>In</span> <span class='ocrx_word' id='word_1_21' title='bbox 1280 653 1489 714; x_wconf 90' lang='lat' dir='ltr'>motu</span> <span class='ocrx_word' id='word_1_22' title='bbox 1542 654 1788 716; x_wconf 89' lang='lat' dir='ltr'>autem</span> <span class='ocrx_word' id='word_1_23' title='bbox 1839 636 1969 739; x_wconf 91' lang='lat' dir='ltr'>qui</span> <span class='ocrx_word' id='word_1_24' title='bbox 2021 635 2119 714; x_wconf 90' lang='lat' dir='ltr'>est</span> <span class='ocrx_word' id='word_1_25' title='bbox 2169 661 2297 738; x_wconf 84' lang='lat' dir='ltr'>per</span> <span class='ocrx_word' id='word_1_26' title='bbox 2400 660 2577 715; x_wconf 86' lang='lat' dir='ltr'>vens</span> <span class='ocrx_word' id='word_1_27' title='bbox 2603 690 2628 725; x_wconf 85' lang='lat'>‚</span> <span class='ocrx_word' id='word_1_28' title='bbox 2678 638 2876 725; x_wconf 86' lang='lat' dir='ltr'>quod</span> <span class='ocrx_word' id='word_1_29' title='bbox 2916 641 3114 716; x_wconf 84' lang='lat' dir='ltr'>Deus</span> <span class='ocrx_word' id='word_1_30' title='bbox 3145 637 3291 725; x_wconf 80' lang='lat' dir='ltr'>est,</span> <span class='ocrx_word' id='word_1_31' title='bbox 3342 638 3481 714; x_wconf 82' lang='lat' dir='ltr'>effe</span> <span class='ocrx_word' id='word_1_32' title='bbox 3511 637 3947 725; x_wconf 77' lang='lat' dir='ltr'>intelligens.</span> 
     </span>
     <span class='ocr_line' id='line_1_4' title="bbox 750 732 2303 839; baseline 0.007 -33"><span class='ocrx_word' id='word_1_33' title='bbox 750 732 1158 829; x_wconf 87' lang='lat' dir='ltr'>appetitum</span> <span class='ocrx_word' id='word_1_34' title='bbox 1208 788 1234 828; x_wconf 90' lang='lat'>‚</span> <span class='ocrx_word' id='word_1_35' title='bbox 1305 736 1380 813; x_wconf 76' lang='lat'>8&lt;</span> <span class='ocrx_word' id='word_1_36' title='bbox 1432 737 2074 836; x_wconf 76' lang='lat' dir='ltr'>apprehensionem</span> <span class='ocrx_word' id='word_1_37' title='bbox 2100 792 2129 833; x_wconf 89' lang='lat'><strong>‚</strong></span> <span class='ocrx_word' id='word_1_38' title='bbox 2181 764 2303 839; x_wconf 90' lang='lat' dir='ltr'>ap-</span> 
     </span>
     <span class='ocr_line' id='line_1_5' title="bbox 750 837 2307 936; baseline 0.008 -30"><span class='ocrx_word' id='word_1_39' title='bbox 750 850 1003 931; x_wconf 87' lang='lat' dir='ltr'>petens</span> <span class='ocrx_word' id='word_1_40' title='bbox 1033 888 1060 928; x_wconf 87' lang='lat'>‚</span> <span class='ocrx_word' id='word_1_41' title='bbox 1134 854 1208 916; x_wconf 91' lang='lat' dir='ltr'>et</span> <span class='ocrx_word' id='word_1_42' title='bbox 1250 838 1796 936; x_wconf 90' lang='lat' dir='ltr'>apprehendens</span> <span class='ocrx_word' id='word_1_43' title='bbox 1847 837 1946 916; x_wconf 88' lang='lat' dir='ltr'>est</span> <span class='ocrx_word' id='word_1_44' title='bbox 1997 864 2307 919; x_wconf 82' lang='lat' dir='ltr'>movens</span> 
     </span>
     <span class='ocr_line' id='line_1_6' title="bbox 747 938 2306 1040; baseline 0.003 -25"><span class='ocrx_word' id='word_1_45' title='bbox 747 949 1085 1028; x_wconf 77' lang='lat' dir='ltr'>motum3</span> <span class='ocrx_word' id='word_1_46' title='bbox 1139 938 1535 1038; x_wconf 85' lang='lat' dir='ltr'>appetibile</span> <span class='ocrx_word' id='word_1_47' title='bbox 1588 958 1883 1036; x_wconf 84' lang='lat' dir='ltr'>autern,</span> <span class='ocrx_word' id='word_1_48' title='bbox 1933 960 2009 1019; x_wconf 90' lang='lat' dir='ltr'>et</span> <span class='ocrx_word' id='word_1_49' title='bbox 2057 966 2306 1040; x_wconf 91' lang='lat' dir='ltr'>appre-</span> 
     </span>
     <span class='ocr_line' id='line_1_7' title="bbox 750 1029 2305 1121; baseline 0.004 -7"><span class='ocrx_word' id='word_1_50' title='bbox 750 1029 1058 1114; x_wconf 82' lang='lat' dir='ltr'>hensum</span> <span class='ocrx_word' id='word_1_51' title='bbox 1088 1038 1183 1114; x_wconf 90' lang='lat' dir='ltr'>est</span> <span class='ocrx_word' id='word_1_52' title='bbox 1213 1064 1520 1120; x_wconf 85' lang='lat' dir='ltr'>movens</span> <span class='ocrx_word' id='word_1_53' title='bbox 1546 1068 1699 1121; x_wconf 89' lang='lat' dir='ltr'>non</span> <span class='ocrx_word' id='word_1_54' title='bbox 1725 1048 2017 1120; x_wconf 70' lang='lat' dir='ltr'>motum</span> <span class='ocrx_word' id='word_1_55' title='bbox 2039 1100 2058 1119; x_wconf 89' lang='lat'><strong><em>.</em></strong></span> <span class='ocrx_word' id='word_1_56' title='bbox 2111 1048 2305 1120; x_wconf 91' lang='lat' dir='ltr'>Cum</span> 
     </span>
     <span class='ocr_line' id='line_1_8' title="bbox 755 1131 2307 1244; baseline 0.01 -38"><span class='ocrx_word' id='word_1_57' title='bbox 755 1131 984 1230; x_wconf 86' lang='lat' dir='ltr'>igitur</span> <span class='ocrx_word' id='word_1_58' title='bbox 1038 1137 1111 1215; x_wconf 89' lang='lat' dir='ltr'>id</span> <span class='ocrx_word' id='word_1_59' title='bbox 1163 1142 1358 1239; x_wconf 89' lang='lat' dir='ltr'>quod</span> <span class='ocrx_word' id='word_1_60' title='bbox 1437 1141 1536 1218; x_wconf 84' lang='lat' dir='ltr'>est</span> <span class='ocrx_word' id='word_1_61' title='bbox 1588 1144 1931 1221; x_wconf 88' lang='lat' dir='ltr'>omnium</span> <span class='ocrx_word' id='word_1_62' title='bbox 1985 1143 2307 1244; x_wconf 89' lang='lat' dir='ltr'>primum</span> 
     </span>
     <span class='ocr_line' id='line_1_9' title="bbox 756 1240 2308 1353; baseline 0.009 -45"><span class='ocrx_word' id='word_1_63' title='bbox 756 1257 1065 1315; x_wconf 87' lang='lat' dir='ltr'>movens</span> <span class='ocrx_word' id='word_1_64' title='bbox 1132 1240 1159 1334; x_wconf 94' lang='lat'>(</span> <span class='ocrx_word' id='word_1_65' title='bbox 1212 1243 1408 1353; x_wconf 75' lang='lat' dir='ltr'>quod</span> <span class='ocrx_word' id='word_1_66' title='bbox 1462 1244 1707 1320; x_wconf 89' lang='lat' dir='ltr'>Deum</span> <span class='ocrx_word' id='word_1_67' title='bbox 1760 1244 2070 1321; x_wconf 81' lang='lat' dir='ltr'>dicimus</span> <span class='ocrx_word' id='word_1_68' title='bbox 2124 1245 2149 1339; x_wconf 95' lang='lat'><em>)</em></span> <span class='ocrx_word' id='word_1_69' title='bbox 2222 1243 2308 1322; x_wconf 82' lang='lat' dir='ltr'>fit</span> 
     </span>
     <span class='ocr_line' id='line_1_10' title="bbox 755 1357 2308 1443; baseline 0.006 -34"><span class='ocrx_word' id='word_1_70' title='bbox 755 1357 1065 1414; x_wconf 79' lang='lat' dir='ltr'>movens</span> <span class='ocrx_word' id='word_1_71' title='bbox 1116 1365 1426 1417; x_wconf 88' lang='lat' dir='ltr'>omnmo</span> <span class='ocrx_word' id='word_1_72' title='bbox 1476 1368 1627 1419; x_wconf 87' lang='lat' dir='ltr'>non</span> <span class='ocrx_word' id='word_1_73' title='bbox 1680 1361 1967 1419; x_wconf 90' lang='lat' dir='ltr'>motum</span> <span class='ocrx_word' id='word_1_74' title='bbox 2006 1398 2033 1438; x_wconf 87' lang='lat'>‚</span> <span class='ocrx_word' id='word_1_75' title='bbox 2106 1369 2308 1443; x_wconf 88' lang='lat' dir='ltr'>opor-</span> 
     </span>
     <span class='ocr_line' id='line_1_11' title="bbox 760 1439 2310 1542; baseline 0.008 -34"><span class='ocrx_word' id='word_1_76' title='bbox 760 1448 870 1510; x_wconf 89' lang='lat' dir='ltr'>tet</span> <span class='ocrx_word' id='word_1_77' title='bbox 922 1439 1116 1533; x_wconf 85' lang='lat' dir='ltr'>quod</span> <span class='ocrx_word' id='word_1_78' title='bbox 1148 1443 1611 1537; x_wconf 77' lang='lat' dir='ltr'>comparetur</span> <span class='ocrx_word' id='word_1_79' title='bbox 1662 1446 1751 1519; x_wconf 92' lang='lat' dir='ltr'>ad</span> <span class='ocrx_word' id='word_1_80' title='bbox 1789 1462 2154 1520; x_wconf 90' lang='lat' dir='ltr'>motorem</span> <span class='ocrx_word' id='word_1_81' title='bbox 2180 1444 2310 1542; x_wconf 92' lang='lat' dir='ltr'>qui</span> 
     </span>
     <span class='ocr_line' id='line_1_12' title="bbox 760 1529 2308 1643; baseline 0.009 -37"><span class='ocrx_word' id='word_1_82' title='bbox 760 1529 864 1607; x_wconf 82' lang='lat' dir='ltr'>est</span> <span class='ocrx_word' id='word_1_83' title='bbox 917 1559 1078 1632; x_wconf 83' lang='lat' dir='ltr'>pars</span> <span class='ocrx_word' id='word_1_84' title='bbox 1128 1542 1496 1621; x_wconf 84' lang='lat' dir='ltr'>moventis</span> <span class='ocrx_word' id='word_1_85' title='bbox 1531 1543 1600 1620; x_wconf 88' lang='lat' dir='ltr'>se</span> <span class='ocrx_word' id='word_1_86' title='bbox 1653 1544 1933 1643; x_wconf 83' lang='lat' dir='ltr'>ipsum,</span> <span class='ocrx_word' id='word_1_87' title='bbox 1987 1544 2163 1628; x_wconf 81' lang='lat' dir='ltr'>ficut</span> <span class='ocrx_word' id='word_1_88' title='bbox 2190 1570 2308 1643; x_wconf 92' lang='lat' dir='ltr'>ap·</span> 
     </span>
     <span class='ocr_line' id='line_1_13' title="bbox 762 1631 2309 1741; baseline 0.009 -34"><span class='ocrx_word' id='word_1_89' title='bbox 762 1631 1068 1730; x_wconf 82' lang='lat' dir='ltr'>petibile</span> <span class='ocrx_word' id='word_1_90' title='bbox 1121 1641 1211 1717; x_wconf 90' lang='lat' dir='ltr'>ad</span> <span class='ocrx_word' id='word_1_91' title='bbox 1263 1659 1764 1741; x_wconf 88' lang='lat' dir='ltr'>appetentem.</span> <span class='ocrx_word' id='word_1_92' title='bbox 1827 1646 2004 1722; x_wconf 89' lang='lat' dir='ltr'>Non</span> <span class='ocrx_word' id='word_1_93' title='bbox 2057 1662 2309 1722; x_wconf 86' lang='lat' dir='ltr'>autem</span> 
     </span>
     <span class='ocr_line' id='line_1_14' title="bbox 764 1732 2315 1844; baseline 0.008 -34"><span class='ocrx_word' id='word_1_94' title='bbox 764 1732 948 1812; x_wconf 83' lang='lat' dir='ltr'>ficut</span> <span class='ocrx_word' id='word_1_95' title='bbox 982 1739 1377 1838; x_wconf 87' lang='lat' dir='ltr'>appetibile</span> <span class='ocrx_word' id='word_1_96' title='bbox 1406 1743 1708 1823; x_wconf 83' lang='lat' dir='ltr'>sensuali</span> <span class='ocrx_word' id='word_1_97' title='bbox 1738 1746 2102 1844; x_wconf 88' lang='lat' dir='ltr'>appetitu:</span> <span class='ocrx_word' id='word_1_98' title='bbox 2140 1770 2315 1827; x_wconf 84' lang='lat' dir='ltr'>nam</span> 
     </span>
     <span class='ocr_line' id='line_1_15' title="bbox 763 1838 2311 1933; baseline 0.008 -24"><span class='ocrx_word' id='word_1_99' title='bbox 763 1838 1126 1933; x_wconf 81' lang='lat' dir='ltr'>appetitus</span> <span class='ocrx_word' id='word_1_100' title='bbox 1170 1841 1506 1924; x_wconf 86' lang='lat' dir='ltr'>sensualis</span> <span class='ocrx_word' id='word_1_101' title='bbox 1562 1872 1712 1923; x_wconf 91' lang='lat' dir='ltr'>non</span> <span class='ocrx_word' id='word_1_102' title='bbox 1765 1846 1863 1922; x_wconf 87' lang='lat' dir='ltr'>est</span> <span class='ocrx_word' id='word_1_103' title='bbox 1916 1845 2094 1924; x_wconf 84' lang='lat' dir='ltr'>boni</span> <span class='ocrx_word' id='word_1_104' title='bbox 2151 1845 2311 1922; x_wconf 88' lang='lat' dir='ltr'>fim-</span> 
     </span>
     <span class='ocr_line' id='line_1_16' title="bbox 765 1934 2310 2045; baseline 0.008 -34"><span class='ocrx_word' id='word_1_105' title='bbox 765 1934 1058 2033; x_wconf 84' lang='lat' dir='ltr'>pliciter</span> <span class='ocrx_word' id='word_1_106' title='bbox 1095 1994 1121 2035; x_wconf 83' lang='lat'>,</span> <span class='ocrx_word' id='word_1_107' title='bbox 1174 1940 1291 2020; x_wconf 88' lang='lat' dir='ltr'>sed</span> <span class='ocrx_word' id='word_1_108' title='bbox 1343 1944 1551 2039; x_wconf 77' lang='lat' dir='ltr'>hujus</span> <span class='ocrx_word' id='word_1_109' title='bbox 1575 1969 1577 1971; x_wconf 68' lang='grc'><strong><em>’</em></strong></span> <span class='ocrx_word' id='word_1_110' title='bbox 1605 1948 2052 2045; x_wconf 88' lang='lat' dir='ltr'>particularis</span> <span class='ocrx_word' id='word_1_111' title='bbox 2107 1947 2310 2036; x_wconf 73' lang='lat' dir='ltr'>boni3</span> 
     </span>
     <span class='ocr_line' id='line_1_17' title="bbox 763 2045 2312 2142; baseline 0.007 -28"><span class='ocrx_word' id='word_1_112' title='bbox 763 2058 999 2132; x_wconf 88' lang='lat' dir='ltr'>quum</span> <span class='ocrx_word' id='word_1_113' title='bbox 1071 2056 1150 2119; x_wconf 90' lang='lat' dir='ltr'>et</span> <span class='ocrx_word' id='word_1_114' title='bbox 1195 2045 1664 2142; x_wconf 81' lang='lat' dir='ltr'>apprehensio</span> <span class='ocrx_word' id='word_1_115' title='bbox 1737 2047 1970 2125; x_wconf 84' lang='lat' dir='ltr'>sensus</span> <span class='ocrx_word' id='word_1_116' title='bbox 2021 2073 2176 2122; x_wconf 88' lang='lat' dir='ltr'>non</span> <span class='ocrx_word' id='word_1_117' title='bbox 2227 2048 2312 2125; x_wconf 80' lang='lat' dir='ltr'>fit</span> 
     </span>
     <span class='ocr_line' id='line_1_18' title="bbox 764 2136 2315 2243; baseline 0.008 -34"><span class='ocrx_word' id='word_1_118' title='bbox 764 2136 900 2211; x_wconf 81' lang='lat' dir='ltr'>nisi</span> <span class='ocrx_word' id='word_1_119' title='bbox 955 2140 1401 2234; x_wconf 88' lang='lat' dir='ltr'>particularis</span> <span class='ocrx_word' id='word_1_120' title='bbox 1438 2155 1497 2217; x_wconf 76' lang='grc' dir='ltr'>ε·</span> <span class='ocrx_word' id='word_1_121' title='bbox 1527 2145 1603 2219; x_wconf 92' lang='lat' dir='ltr'>id</span> <span class='ocrx_word' id='word_1_122' title='bbox 1654 2163 1899 2222; x_wconf 89' lang='lat' dir='ltr'>autem</span> <span class='ocrx_word' id='word_1_123' title='bbox 1969 2149 2163 2243; x_wconf 89' lang='lat' dir='ltr'>quod</span> <span class='ocrx_word' id='word_1_124' title='bbox 2214 2147 2315 2222; x_wconf 85' lang='lat' dir='ltr'>est</span> 
     </span>
     <span class='ocr_line' id='line_1_19' title="bbox 765 2234 2314 2343; baseline 0.006 -33"><span class='ocrx_word' id='word_1_125' title='bbox 765 2234 1094 2331; x_wconf 83' lang='lat' dir='ltr'>bonum,</span> <span class='ocrx_word' id='word_1_126' title='bbox 1144 2256 1220 2315; x_wconf 89' lang='lat' dir='ltr'>et</span> <span class='ocrx_word' id='word_1_127' title='bbox 1267 2242 1661 2340; x_wconf 81' lang='lat' dir='ltr'>appetibile</span> <span class='ocrx_word' id='word_1_128' title='bbox 1696 2243 2160 2343; x_wconf 78' lang='lat' dir='ltr'>simpliciter,</span> <span class='ocrx_word' id='word_1_129' title='bbox 2214 2245 2314 2320; x_wconf 87' lang='lat' dir='ltr'>est</span> 
     </span>
     <span class='ocr_line' id='line_1_20' title="bbox 767 2333 2344 2442; baseline 0.008 -33"><span class='ocrx_word' id='word_1_130' title='bbox 767 2333 969 2432; x_wconf 84' lang='lat' dir='ltr'>prius</span> <span class='ocrx_word' id='word_1_131' title='bbox 1019 2360 1110 2415; x_wconf 88' lang='lat' dir='ltr'>eo</span> <span class='ocrx_word' id='word_1_132' title='bbox 1160 2343 1358 2438; x_wconf 90' lang='lat' dir='ltr'>quod</span> <span class='ocrx_word' id='word_1_133' title='bbox 1407 2341 1505 2419; x_wconf 90' lang='lat' dir='ltr'>est</span> <span class='ocrx_word' id='word_1_134' title='bbox 1546 2345 1867 2438; x_wconf 85' lang='lat' dir='ltr'>bonum,</span> <span class='ocrx_word' id='word_1_135' title='bbox 1919 2363 1992 2421; x_wconf 93' lang='lat' dir='ltr'>et</span> <span class='ocrx_word' id='word_1_136' title='bbox 2042 2345 2344 2442; x_wconf 91' lang='lat' dir='ltr'>appeti--</span> 
     </span>
     <span class='ocr_line' id='line_1_21' title="bbox 694 2433 2319 2544; baseline 0.006 -35"><span class='ocrx_word' id='word_1_137' title='bbox 694 2494 697 2496; x_wconf 15' lang='lat' dir='ltr'>v</span> <span class='ocrx_word' id='word_1_138' title='bbox 772 2433 922 2512; x_wconf 85' lang='lat' dir='ltr'>bile</span> <span class='ocrx_word' id='word_1_139' title='bbox 972 2452 1055 2515; x_wconf 93' lang='lat' dir='ltr'>ut</span> <span class='ocrx_word' id='word_1_140' title='bbox 1106 2437 1229 2518; x_wconf 90' lang='lat' dir='ltr'>hic</span> <span class='ocrx_word' id='word_1_141' title='bbox 1279 2458 1355 2521; x_wconf 91' lang='lat' dir='ltr'>et</span> <span class='ocrx_word' id='word_1_142' title='bbox 1405 2468 1598 2522; x_wconf 88' lang='lat' dir='ltr'>nunc</span> <span class='ocrx_word' id='word_1_143' title='bbox 1632 2501 1651 2520; x_wconf 90' lang='lat'><strong>.</strong></span> <span class='ocrx_word' id='word_1_144' title='bbox 1721 2448 2039 2544; x_wconf 88' lang='lat' dir='ltr'>Oportet</span> <span class='ocrx_word' id='word_1_145' title='bbox 2090 2444 2319 2542; x_wconf 86' lang='lat' dir='ltr'>igitur</span> 
     </span>
     <span class='ocr_line' id='line_1_22' title="bbox 766 2535 2316 2650; baseline 0.009 -40"><span class='ocrx_word' id='word_1_146' title='bbox 766 2535 1097 2650; x_wconf 83' lang='lat' dir='ltr'>primum</span> <span class='ocrx_word' id='word_1_147' title='bbox 1169 2567 1477 2623; x_wconf 83' lang='lat' dir='ltr'>movens</span> <span class='ocrx_word' id='word_1_148' title='bbox 1548 2547 1689 2624; x_wconf 82' lang='lat' dir='ltr'>ess‘e</span> <span class='ocrx_word' id='word_1_149' title='bbox 1760 2545 2156 2645; x_wconf 87' lang='lat' dir='ltr'>appetibile</span> <span class='ocrx_word' id='word_1_150' title='bbox 2234 2563 2316 2624; x_wconf 90' lang='lat' dir='ltr'>ut</span> 
     </span>
     <span class='ocr_line' id='line_1_23' title="bbox 770 2636 2318 2746; baseline 0.008 -34"><span class='ocrx_word' id='word_1_151' title='bbox 770 2636 1233 2719; x_wconf 62' lang='lat' dir='ltr'>intelleffium</span> <span class='ocrx_word' id='word_1_152' title='bbox 1275 2671 1314 2741; x_wconf 89' lang='lat'><em>;</em></span> <span class='ocrx_word' id='word_1_153' title='bbox 1381 2664 1458 2724; x_wconf 91' lang='lat' dir='ltr'>et</span> <span class='ocrx_word' id='word_1_154' title='bbox 1506 2645 1611 2725; x_wconf 90' lang='lat' dir='ltr'>ita</span> <span class='ocrx_word' id='word_1_155' title='bbox 1673 2664 1962 2746; x_wconf 87' lang='lat' dir='ltr'>oportet</span> <span class='ocrx_word' id='word_1_156' title='bbox 2010 2671 2318 2725; x_wconf 86' lang='lat' dir='ltr'>movens</span> 
     </span>
     <span class='ocr_line' id='line_1_24' title="bbox 762 2740 2319 2847; baseline 0.008 -34"><span class='ocrx_word' id='word_1_157' title='bbox 762 2740 970 2836; x_wconf 46' lang='lat' dir='ltr'>⁵quod</span> <span class='ocrx_word' id='word_1_158' title='bbox 1019 2746 1301 2842; x_wconf 89' lang='lat' dir='ltr'>appetit</span> <span class='ocrx_word' id='word_1_159' title='bbox 1349 2745 1588 2847; x_wconf 90' lang='lat' dir='ltr'>ipsum</span> <span class='ocrx_word' id='word_1_160' title='bbox 1610 2801 1651 2842; x_wconf 68' lang='grc'>,.</span> <span class='ocrx_word' id='word_1_161' title='bbox 1688 2750 1826 2826; x_wconf 82' lang='lat' dir='ltr'>esse</span> <span class='ocrx_word' id='word_1_162' title='bbox 1880 2747 2319 2845; x_wconf 85' lang='lat' dir='ltr'>intelligens.</span> 
     </span>
     <span class='ocr_line' id='line_1_25' title="bbox 774 2838 2321 2949; baseline 0.007 -35"><span class='ocrx_word' id='word_1_163' title='bbox 774 2838 1035 2917; x_wconf 89' lang='lat' dir='ltr'>Multo</span> <span class='ocrx_word' id='word_1_164' title='bbox 1085 2844 1313 2942; x_wconf 84' lang='lat' dir='ltr'>igitur</span> <span class='ocrx_word' id='word_1_165' title='bbox 1342 2851 1575 2948; x_wconf 84' lang='lat' dir='ltr'>magis</span> <span class='ocrx_word' id='word_1_166' title='bbox 1610 2865 1684 2925; x_wconf 90' lang='lat' dir='ltr'>et</span> <span class='ocrx_word' id='word_1_167' title='bbox 1721 2850 1954 2949; x_wconf 91' lang='lat' dir='ltr'>ipsum</span> <span class='ocrx_word' id='word_1_168' title='bbox 1995 2850 2321 2949; x_wconf 90' lang='lat' dir='ltr'>primum</span> 
     </span>
     <span class='ocr_line' id='line_1_26' title="bbox 772 2940 2321 3050; baseline 0.01 -39"><span class='ocrx_word' id='word_1_169' title='bbox 772 2940 1171 3034; x_wconf 86' lang='lat' dir='ltr'>appetibile</span> <span class='ocrx_word' id='word_1_170' title='bbox 1244 2947 1385 3024; x_wconf 92' lang='lat' dir='ltr'>erit</span> <span class='ocrx_word' id='word_1_171' title='bbox 1457 2949 1917 3047; x_wconf 82' lang='lat' dir='ltr'>intelligens:</span> <span class='ocrx_word' id='word_1_172' title='bbox 1973 2951 2147 3050; x_wconf 87' lang='lat' dir='ltr'>quia</span> <span class='ocrx_word' id='word_1_173' title='bbox 2197 2974 2321 3048; x_wconf 90' lang='lat' dir='ltr'>ap-</span> 
     </span>
     <span class='ocr_line' id='line_1_27' title="bbox 769 3040 2323 3211; baseline 0.008 -100"><span class='ocrx_word' id='word_1_174' title='bbox 769 3053 1028 3211; x_wconf 60' lang='lat' dir='ltr'>Eetens</span> <span class='ocrx_word' id='word_1_175' title='bbox 1078 3040 1314 3141; x_wconf 90' lang='lat' dir='ltr'>ipsum</span> <span class='ocrx_word' id='word_1_176' title='bbox 1372 3044 1458 3125; x_wconf 85' lang='lat' dir='ltr'>fit</span> <span class='ocrx_word' id='word_1_177' title='bbox 1510 3049 1924 3147; x_wconf 81' lang='lat' dir='ltr'>intelligens</span> <span class='ocrx_word' id='word_1_178' title='bbox 1975 3048 2139 3125; x_wconf 59' lang='lat' dir='ltr'>affin</span> <span class='ocrx_word' id='word_1_179' title='bbox 2190 3073 2323 3148; x_wconf 88' lang='lat' dir='ltr'>per</span> 
     </span>
    </p>

    <p class='ocr_par' dir='ltr' id='par_1_3' title="bbox 765 3145 2327 3746">
     <span class='ocr_line' id='line_1_28' title="bbox 830 3145 2319 3247; baseline 0.009 -34"><span class='ocrx_word' id='word_1_180' title='bbox 830 3161 918 3213; x_wconf 92' lang='lat' dir='ltr'>oc</span> <span class='ocrx_word' id='word_1_181' title='bbox 988 3145 1183 3237; x_wconf 89' lang='lat' dir='ltr'>quod</span> <span class='ocrx_word' id='word_1_182' title='bbox 1269 3146 1340 3223; x_wconf 90' lang='lat' dir='ltr'>ei</span> <span class='ocrx_word' id='word_1_183' title='bbox 1411 3162 1789 3247; x_wconf 87' lang='lat' dir='ltr'>tamquam</span> <span class='ocrx_word' id='word_1_184' title='bbox 1862 3148 2319 3247; x_wconf 85' lang='lat' dir='ltr'>intelligibili</span> 
     </span>
     <span class='ocr_line' id='line_1_29' title="bbox 776 3236 2316 3347; baseline 0.009 -35"><span class='ocrx_word' id='word_1_185' title='bbox 776 3236 1061 3318; x_wconf 87' lang='lat' dir='ltr'>unitur.</span> <span class='ocrx_word' id='word_1_186' title='bbox 1116 3247 1433 3344; x_wconf 89' lang='lat' dir='ltr'>Oportet</span> <span class='ocrx_word' id='word_1_187' title='bbox 1485 3249 1716 3347; x_wconf 86' lang='lat' dir='ltr'>igitur</span> <span class='ocrx_word' id='word_1_188' title='bbox 1752 3255 2001 3327; x_wconf 89' lang='lat' dir='ltr'>Deum</span> <span class='ocrx_word' id='word_1_189' title='bbox 2052 3252 2187 3326; x_wconf 82' lang='lat' dir='ltr'>ess&#39;e</span> <span class='ocrx_word' id='word_1_190' title='bbox 2213 3250 2316 3326; x_wconf 86' lang='lat' dir='ltr'>in-</span> 
     </span>
     <span class='ocr_line' id='line_1_30' title="bbox 772 3337 2324 3449; baseline 0.01 -37"><span class='ocrx_word' id='word_1_191' title='bbox 772 3337 1236 3437; x_wconf 81' lang='lat' dir='ltr'>telligentem</span> <span class='ocrx_word' id='word_1_192' title='bbox 1273 3401 1300 3443; x_wconf 88' lang='lat'>‚</span> <span class='ocrx_word' id='word_1_193' title='bbox 1354 3346 1541 3427; x_wconf 58' lang='lat' dir='ltr'>faeta</span> <span class='ocrx_word' id='word_1_194' title='bbox 1599 3348 2075 3449; x_wconf 70' lang='lat' dir='ltr'>suppositione</span> <span class='ocrx_word' id='word_1_195' title='bbox 2179 3351 2324 3427; x_wconf 91' lang='lat' dir='ltr'>uod</span> 
     </span>
     <span class='ocr_line' id='line_1_31' title="bbox 773 3439 2319 3544; baseline 0.01 -31"><span class='ocrx_word' id='word_1_196' title='bbox 773 3439 1101 3538; x_wconf 88' lang='lat' dir='ltr'>primum</span> <span class='ocrx_word' id='word_1_197' title='bbox 1177 3461 1468 3527; x_wconf 88' lang='lat' dir='ltr'>motum</span> <span class='ocrx_word' id='word_1_198' title='bbox 1539 3468 1833 3526; x_wconf 87' lang='lat' dir='ltr'>moveat</span> <span class='ocrx_word' id='word_1_199' title='bbox 1902 3449 1973 3527; x_wconf 89' lang='lat' dir='ltr'>se</span> <span class='ocrx_word' id='word_1_200' title='bbox 2040 3450 2065 3526; x_wconf 90' lang='lat' dir='ltr'>i</span> <span class='ocrx_word' id='word_1_201' title='bbox 2149 3476 2319 3544; x_wconf 85' lang='lat' dir='ltr'>um,</span> 
     </span>
     <span class='ocr_line' id='line_1_32' title="bbox 774 3544 2322 3649; baseline 0.008 -34"><span class='ocrx_word' id='word_1_202' title='bbox 774 3556 860 3616; x_wconf 89' lang='lat' dir='ltr'>ut</span> <span class='ocrx_word' id='word_1_203' title='bbox 910 3544 1330 3647; x_wconf 88' lang='lat' dir='ltr'>Philosophi</span> <span class='ocrx_word' id='word_1_204' title='bbox 1386 3548 1811 3649; x_wconf 86' lang='lat' dir='ltr'>posuerunt.</span> <span class='ocrx_word' id='word_1_205' title='bbox 1864 3550 1892 3646; x_wconf 93' lang='lat'>(</span> <span class='ocrx_word' id='word_1_206' title='bbox 1951 3552 2060 3627; x_wconf 91' lang='lat' dir='ltr'>XI</span> <span class='ocrx_word' id='word_1_207' title='bbox 2110 3554 2322 3627; x_wconf 79' lang='lat' dir='ltr'>‚Me-</span> 
     </span>
     <span class='ocr_line' id='line_1_33' title="bbox 765 3642 2327 3746; baseline 0.008 -31"><span class='ocrx_word' id='word_1_208' title='bbox 765 3642 969 3739; x_wconf 83' lang='lat' dir='ltr'>taph.</span> <span class='ocrx_word' id='word_1_209' title='bbox 1023 3664 1195 3726; x_wconf 87' lang='lat' dir='ltr'>text.</span> <span class='ocrx_word' id='word_1_210' title='bbox 1245 3675 1515 3728; x_wconf 90' lang='lat' dir='ltr'>comm.</span> <span class='ocrx_word' id='word_1_211' title='bbox 1568 3674 1760 3728; x_wconf 86' lang='lat' dir='ltr'>xxxv</span> <span class='ocrx_word' id='word_1_212' title='bbox 1776 3678 1830 3726; x_wconf 91' lang='lat'>1.</span> <span class='ocrx_word' id='word_1_213' title='bbox 1884 3666 1959 3726; x_wconf 91' lang='lat' dir='ltr'>et</span> <span class='ocrx_word' id='word_1_214' title='bbox 2008 3647 2193 3726; x_wconf 90' lang='lat' dir='ltr'>infra</span> <span class='ocrx_word' id='word_1_215' title='bbox 2221 3707 2239 3726; x_wconf 93' lang='lat'><em>.</em></span> <span class='ocrx_word' id='word_1_216' title='bbox 2295 3650 2327 3746; x_wconf 88' lang='lat'>)</span> 
     </span>
    </p>

    <p class='ocr_par' dir='ltr' id='par_1_4' title="bbox 774 3746 2353 5042">
     <span class='ocr_line' id='line_1_34' title="bbox 881 3746 2353 3846; baseline 0.007 -31"><span class='ocrx_word' id='word_1_217' title='bbox 881 3768 948 3816; x_wconf 86' lang='lat'>2.</span> <span class='ocrx_word' id='word_1_218' title='bbox 1005 3746 1301 3827; x_wconf 86' lang='lat' dir='ltr'>Adhuc.</span> <span class='ocrx_word' id='word_1_219' title='bbox 1360 3753 1564 3827; x_wconf 90' lang='lat' dir='ltr'>Idem</span> <span class='ocrx_word' id='word_1_220' title='bbox 1618 3751 1891 3826; x_wconf 75' lang='lat' dir='ltr'>necesse</span> <span class='ocrx_word' id='word_1_221' title='bbox 1942 3746 2041 3824; x_wconf 87' lang='lat' dir='ltr'>est</span> <span class='ocrx_word' id='word_1_222' title='bbox 2096 3749 2353 3846; x_wconf 81' lang='lat' dir='ltr'>sequi‚.</span> 
     </span>
     <span class='ocr_line' id='line_1_35' title="bbox 774 3836 2321 3927; baseline 0.006 -13"><span class='ocrx_word' id='word_1_223' title='bbox 774 3836 864 3915; x_wconf 85' lang='lat' dir='ltr'>fit</span> <span class='ocrx_word' id='word_1_224' title='bbox 916 3840 1042 3919; x_wconf 89' lang='lat' dir='ltr'>fiat</span> <span class='ocrx_word' id='word_1_225' title='bbox 1110 3847 1437 3926; x_wconf 70' lang='lat' dir='ltr'>reduffio</span> <span class='ocrx_word' id='word_1_226' title='bbox 1503 3851 1901 3927; x_wconf 89' lang='lat' dir='ltr'>mobilium</span> <span class='ocrx_word' id='word_1_227' title='bbox 1967 3873 2117 3924; x_wconf 89' lang='lat' dir='ltr'>non</span> <span class='ocrx_word' id='word_1_228' title='bbox 2170 3866 2321 3924; x_wconf 87' lang='lat' dir='ltr'>tan-</span> 
     </span>
     <span class='ocr_line' id='line_1_36' title="bbox 776 3943 2324 4061; baseline 0.003 -43"><span class='ocrx_word' id='word_1_229' title='bbox 776 3955 942 4020; x_wconf 80' lang='lat' dir='ltr'>tum</span> <span class='ocrx_word' id='word_1_230' title='bbox 995 3943 1075 4021; x_wconf 87' lang='lat' dir='ltr'>in</span> <span class='ocrx_word' id='word_1_231' title='bbox 1125 3946 1424 4046; x_wconf 82' lang='lat' dir='ltr'>aliquod</span> <span class='ocrx_word' id='word_1_232' title='bbox 1486 3951 1812 4050; x_wconf 90' lang='lat' dir='ltr'>primurn</span> <span class='ocrx_word' id='word_1_233' title='bbox 1888 3973 2209 4061; x_wconf 44' lang='lat' dir='ltr'>movens·</span> <span class='ocrx_word' id='word_1_234' title='bbox 2253 3947 2324 4024; x_wconf 91' lang='lat' dir='ltr'>se</span> 
     </span>
     <span class='ocr_line' id='line_1_37' title="bbox 775 4040 2325 4143; baseline 0.006 -26"><span class='ocrx_word' id='word_1_235' title='bbox 775 4040 1016 4141; x_wconf 81' lang='lat' dir='ltr'>ipsum</span> <span class='ocrx_word' id='word_1_236' title='bbox 1058 4102 1085 4143; x_wconf 86' lang='lat'>,</span> <span class='ocrx_word' id='word_1_237' title='bbox 1157 4047 1276 4127; x_wconf 91' lang='lat' dir='ltr'>sed</span> <span class='ocrx_word' id='word_1_238' title='bbox 1347 4050 1427 4127; x_wconf 87' lang='lat' dir='ltr'>in</span> <span class='ocrx_word' id='word_1_239' title='bbox 1476 4076 1782 4129; x_wconf 83' lang='lat' dir='ltr'>movens</span> <span class='ocrx_word' id='word_1_240' title='bbox 1831 4048 2140 4129; x_wconf 90' lang='lat' dir='ltr'>omnino</span> <span class='ocrx_word' id='word_1_241' title='bbox 2189 4074 2325 4125; x_wconf 82' lang='lat' dir='ltr'>im-</span> 
     </span>
     <span class='ocr_line' id='line_1_38' title="bbox 778 4145 2328 4250; baseline 0.005 -32"><span class='ocrx_word' id='word_1_242' title='bbox 778 4145 1058 4223; x_wconf 90' lang='lat' dir='ltr'>mobile</span> <span class='ocrx_word' id='word_1_243' title='bbox 1108 4176 1126 4224; x_wconf 88' lang='lat'>:</span> <span class='ocrx_word' id='word_1_244' title='bbox 1205 4175 1380 4228; x_wconf 90' lang='lat' dir='ltr'>nam</span> <span class='ocrx_word' id='word_1_245' title='bbox 1448 4152 1773 4250; x_wconf 91' lang='lat' dir='ltr'>primum</span> <span class='ocrx_word' id='word_1_246' title='bbox 1842 4174 2148 4230; x_wconf 78' lang='lat' dir='ltr'>movens</span> <span class='ocrx_word' id='word_1_247' title='bbox 2227 4147 2328 4226; x_wconf 88' lang='lat' dir='ltr'>est</span> 
     </span>
     <span class='ocr_line' id='line_1_39' title="bbox 780 4243 2329 4361; baseline 0.006 -43"><span class='ocrx_word' id='word_1_248' title='bbox 780 4243 1181 4361; x_wconf 67' lang='lat' dir='ltr'>universale</span> <span class='ocrx_word' id='word_1_249' title='bbox 1232 4253 1679 4353; x_wconf 84' lang='lat' dir='ltr'>principium</span> <span class='ocrx_word' id='word_1_250' title='bbox 1730 4269 1972 4331; x_wconf 88' lang='lat' dir='ltr'>motus</span> <span class='ocrx_word' id='word_1_251' title='bbox 2013 4307 2031 4328; x_wconf 88' lang='lat'><strong>.</strong></span> <span class='ocrx_word' id='word_1_252' title='bbox 2087 4255 2329 4351; x_wconf 87' lang='lat' dir='ltr'>Opor-</span> 
     </span>
     <span class='ocr_line' id='line_1_40' title="bbox 782 4357 2334 4451; baseline 0.007 -33"><span class='ocrx_word' id='word_1_253' title='bbox 782 4357 893 4421; x_wconf 89' lang='lat' dir='ltr'>tet</span> <span class='ocrx_word' id='word_1_254' title='bbox 928 4361 1210 4445; x_wconf 72' lang='lat' dir='ltr'>igitur,</span> <span class='ocrx_word' id='word_1_255' title='bbox 1262 4379 1491 4451; x_wconf 89' lang='lat' dir='ltr'>quum</span> <span class='ocrx_word' id='word_1_256' title='bbox 1544 4380 1765 4432; x_wconf 91' lang='lat' dir='ltr'>omne</span> <span class='ocrx_word' id='word_1_257' title='bbox 1819 4377 2124 4433; x_wconf 86' lang='lat' dir='ltr'>movens</span> <span class='ocrx_word' id='word_1_258' title='bbox 2178 4377 2334 4429; x_wconf 61' lang='lat' dir='ltr'>ma</span> 
     </span>
     <span class='ocr_line' id='line_1_41' title="bbox 780 4451 2334 4553; baseline 0.005 -33"><span class='ocrx_word' id='word_1_259' title='bbox 780 4461 952 4524; x_wconf 85' lang='lat' dir='ltr'>veat</span> <span class='ocrx_word' id='word_1_260' title='bbox 1001 4472 1129 4546; x_wconf 89' lang='lat' dir='ltr'>per</span> <span class='ocrx_word' id='word_1_261' title='bbox 1178 4451 1501 4551; x_wconf 84' lang='lat' dir='ltr'>aliquam</span> <span class='ocrx_word' id='word_1_262' title='bbox 1552 4455 1868 4533; x_wconf 87' lang='lat' dir='ltr'>formam</span> <span class='ocrx_word' id='word_1_263' title='bbox 1886 4509 1912 4550; x_wconf 86' lang='lat'>,</span> <span class='ocrx_word' id='word_1_264' title='bbox 1963 4477 2189 4553; x_wconf 88' lang='lat' dir='ltr'>quam</span> <span class='ocrx_word' id='word_1_265' title='bbox 2221 4451 2334 4529; x_wconf 88' lang='lat' dir='ltr'>in·</span> 
     </span>
     <span class='ocr_line' id='line_1_42' title="bbox 779 4546 2333 4654; baseline 0.006 -35"><span class='ocrx_word' id='word_1_266' title='bbox 779 4546 1018 4624; x_wconf 84' lang='lat' dir='ltr'>tendit</span> <span class='ocrx_word' id='word_1_267' title='bbox 1071 4549 1150 4627; x_wconf 93' lang='lat' dir='ltr'>in</span> <span class='ocrx_word' id='word_1_268' title='bbox 1201 4555 1615 4646; x_wconf 85' lang='lat' dir='ltr'>movendo,</span> <span class='ocrx_word' id='word_1_269' title='bbox 1667 4557 1863 4654; x_wconf 91' lang='lat' dir='ltr'>quod</span> <span class='ocrx_word' id='word_1_270' title='bbox 1913 4553 2151 4633; x_wconf 85' lang='lat' dir='ltr'>forma</span> <span class='ocrx_word' id='word_1_271' title='bbox 2200 4577 2333 4654; x_wconf 82' lang='lat' dir='ltr'>per</span> 
     </span>
     <span class='ocr_line' id='line_1_43' title="bbox 784 4652 2331 4752; baseline 0.006 -31"><span class='ocrx_word' id='word_1_272' title='bbox 784 4668 1009 4741; x_wconf 88' lang='lat' dir='ltr'>quam</span> <span class='ocrx_word' id='word_1_273' title='bbox 1087 4669 1341 4730; x_wconf 89' lang='lat' dir='ltr'>movet</span> <span class='ocrx_word' id='word_1_274' title='bbox 1413 4653 1738 4752; x_wconf 90' lang='lat' dir='ltr'>primum</span> <span class='ocrx_word' id='word_1_275' title='bbox 1825 4679 2132 4734; x_wconf 83' lang='lat' dir='ltr'>movens</span> <span class='ocrx_word' id='word_1_276' title='bbox 2165 4707 2191 4748; x_wconf 83' lang='lat'>,</span> <span class='ocrx_word' id='word_1_277' title='bbox 2244 4652 2331 4731; x_wconf 85' lang='lat' dir='ltr'>fit</span> 
     </span>
     <span class='ocr_line' id='line_1_44' title="bbox 784 4746 2329 4845; baseline 0.006 -24"><span class='ocrx_word' id='word_1_278' title='bbox 784 4746 1210 4829; x_wconf 87' lang='lat' dir='ltr'>universalis</span> <span class='ocrx_word' id='word_1_279' title='bbox 1262 4751 1497 4831; x_wconf 88' lang='lat' dir='ltr'>forma</span> <span class='ocrx_word' id='word_1_280' title='bbox 1529 4806 1556 4845; x_wconf 89' lang='lat'>.,</span> <span class='ocrx_word' id='word_1_281' title='bbox 1626 4771 1700 4831; x_wconf 93' lang='lat' dir='ltr'>et</span> <span class='ocrx_word' id='word_1_282' title='bbox 1747 4755 2152 4832; x_wconf 88' lang='lat' dir='ltr'>universale</span> <span class='ocrx_word' id='word_1_283' title='bbox 2203 4755 2329 4831; x_wconf 92' lang='lat' dir='ltr'>bo-</span> 
     </span>
     <span class='ocr_line' id='line_1_45' title="bbox 783 4853 2333 4952; baseline 0.004 -30"><span class='ocrx_word' id='word_1_284' title='bbox 783 4869 1001 4936; x_wconf 87' lang='lat' dir='ltr'>num.</span> <span class='ocrx_word' id='word_1_285' title='bbox 1045 4854 1327 4932; x_wconf 88' lang='lat' dir='ltr'>Forma</span> <span class='ocrx_word' id='word_1_286' title='bbox 1375 4872 1621 4932; x_wconf 90' lang='lat' dir='ltr'>autem</span> <span class='ocrx_word' id='word_1_287' title='bbox 1674 4878 1801 4952; x_wconf 89' lang='lat' dir='ltr'>per</span> <span class='ocrx_word' id='word_1_288' title='bbox 1848 4857 2151 4933; x_wconf 90' lang='lat' dir='ltr'>modum</span> <span class='ocrx_word' id='word_1_289' title='bbox 2172 4853 2333 4930; x_wconf 89' lang='lat' dir='ltr'>uni-</span> 
     </span>
     <span class='ocr_line' id='line_1_46' title="bbox 780 4948 2328 5042; baseline 0.006 -19"><span class='ocrx_word' id='word_1_290' title='bbox 780 4948 1135 5036; x_wconf 81' lang='lat' dir='ltr'>versalem</span> <span class='ocrx_word' id='word_1_291' title='bbox 1184 4980 1340 5042; x_wconf 82' lang='lat' dir='ltr'>non</span> <span class='ocrx_word' id='word_1_292' title='bbox 1388 4954 1763 5035; x_wconf 82' lang='lat' dir='ltr'>invenitur</span> <span class='ocrx_word' id='word_1_293' title='bbox 1788 4953 1947 5035; x_wconf 12' lang='lat' dir='ltr'>*nisi</span> <span class='ocrx_word' id='word_1_294' title='bbox 1996 4955 2078 5033; x_wconf 87' lang='lat' dir='ltr'>in</span> <span class='ocrx_word' id='word_1_295' title='bbox 2118 4953 2328 5033; x_wconf 77' lang='lat' dir='ltr'>intel·</span> 
     </span>
    </p>
   </div>
  </div>
 </body>
</html>
