<?xml version="1.0" encoding="UTF-8"?>
<!DOCTYPE html PUBLIC "-//W3C//DTD XHTML 1.0 Transitional//EN"
    "http://www.w3.org/TR/xhtml1/DTD/xhtml1-transitional.dtd">
<html xmlns="http://www.w3.org/1999/xhtml" xml:lang="en" lang="en">
 <head>
  <title>
</title>
<meta http-equiv="Content-Type" content="text/html;charset=utf-8" />
  <meta name='ocr-system' content='tesseract 3.04.00' />
  <meta name='ocr-capabilities' content='ocr_page ocr_carea ocr_par ocr_line ocrx_word'/>
</head>
<body>
  <div class='ocr_page' id='page_1' title='image "./summacontragent00aqugoog_0165.png"; bbox 0 0 4597 5696; ppageno 0'>
   <div class='ocr_carea' id='block_1_1' title="bbox 1336 437 3251 521">
    <p class='ocr_par' dir='ltr' id='par_1_1' title="bbox 1336 437 3251 521">
     <span class='ocr_line' id='line_1_1' title="bbox 1336 437 3251 521; baseline -0.009 -2"><span class='ocrx_word' id='word_1_1' title='bbox 1336 449 1920 521; x_wconf 81' lang='lat' dir='ltr'>CONTRA</span> <span class='ocrx_word' id='word_1_2' title='bbox 2004 444 2755 513; x_wconf 83' lang='lat' dir='ltr'><strong>GENTILE·S</strong></span> <span class='ocrx_word' id='word_1_3' title='bbox 2834 437 3083 505; x_wconf 87' lang='lat' dir='ltr'><strong>LIB.</strong></span> <span class='ocrx_word' id='word_1_4' title='bbox 3166 438 3251 502; x_wconf 52' lang='grc' dir='ltr'>Ι.4</span> 
     </span>
    </p>
   </div>
   <div class='ocr_carea' id='block_1_2' title="bbox 697 537 2255 657">
    <p class='ocr_par' dir='ltr' id='par_1_2' title="bbox 697 537 2255 657">
     <span class='ocr_line' id='line_1_2' title="bbox 697 537 2255 657; baseline -0.012 -16"><span class='ocrx_word' id='word_1_5' title='bbox 697 564 876 641; x_wconf 80' lang='lat' dir='ltr'>ner&#39;n</span> <span class='ocrx_word' id='word_1_6' title='bbox 902 615 931 657; x_wconf 91' lang='lat'>‚</span> <span class='ocrx_word' id='word_1_7' title='bbox 979 537 1149 641; x_wconf 81' lang='lat' dir='ltr'>cum</span> <span class='ocrx_word' id='word_1_8' title='bbox 1201 544 1381 634; x_wconf 84' lang='lat' dir='ltr'>dicit</span> <span class='ocrx_word' id='word_1_9' title='bbox 1419 572 1446 630; x_wconf 75' lang='grc' dir='ltr'>ε·</span> <span class='ocrx_word' id='word_1_10' title='bbox 1494 548 1907 629; x_wconf 81' lang='lat' dir='ltr'>Meditatus</span> <span class='ocrx_word' id='word_1_11' title='bbox 1929 538 2119 641; x_wconf 68' lang='lat' dir='ltr'>suin</span> <span class='ocrx_word' id='word_1_12' title='bbox 2173 543 2255 623; x_wconf 83' lang='lat' dir='ltr'>in</span> 
     </span>
    </p>
   </div>
   <div class='ocr_carea' id='block_1_3' title="bbox 699 646 2284 761">
    <p class='ocr_par' dir='ltr' id='par_1_3' title="bbox 699 646 2284 761">
     <span class='ocr_line' id='line_1_3' title="bbox 699 646 2284 761; baseline -0.011 -20"><span class='ocrx_word' id='word_1_13' title='bbox 699 663 1025 741; x_wconf 81' lang='lat' dir='ltr'>omnibus</span> <span class='ocrx_word' id='word_1_14' title='bbox 1098 655 1420 761; x_wconf 76' lang='lat' dir='ltr'><em>operibus</em></span> <span class='ocrx_word' id='word_1_15' title='bbox 1478 650 1682 729; x_wconf 81' lang='lat' dir='ltr'>tuis:</span> <span class='ocrx_word' id='word_1_16' title='bbox 1765 662 1848 726; x_wconf 88' lang='lat' dir='ltr'>ut</span> <span class='ocrx_word' id='word_1_17' title='bbox 1925 646 2284 746; x_wconf 84' lang='lat' dir='ltr'>operatio</span> 
     </span>
    </p>
   </div>
   <div class='ocr_carea' id='block_1_4' title="bbox 667 746 2254 1265">
    <p class='ocr_par' dir='ltr' id='par_1_4' title="bbox 667 746 2254 1265">
     <span class='ocr_line' id='line_1_4' title="bbox 693 746 2247 862; baseline -0.013 -19"><span class='ocrx_word' id='word_1_18' title='bbox 693 766 788 842; x_wconf 90' lang='lat' dir='ltr'>ad</span> <span class='ocrx_word' id='word_1_19' title='bbox 838 763 1173 842; x_wconf 89' lang='lat' dir='ltr'>divinum</span> <span class='ocrx_word' id='word_1_20' title='bbox 1225 753 1637 852; x_wconf 84' lang='lat' dir='ltr'>intelligere</span> <span class='ocrx_word' id='word_1_21' title='bbox 1661 803 1686 844; x_wconf 88' lang='lat'>‚</span> <span class='ocrx_word' id='word_1_22' title='bbox 1737 746 1858 825; x_wconf 90' lang='lat' dir='ltr'>vel</span> <span class='ocrx_word' id='word_1_23' title='bbox 1897 748 2102 862; x_wconf 38' lang='lat' dir='ltr'>&#39;vel-le</span> <span class='ocrx_word' id='word_1_24' title='bbox 2144 772 2247 824; x_wconf 91' lang='lat' dir='ltr'>re·</span> 
     </span>
     <span class='ocr_line' id='line_1_5' title="bbox 667 847 2252 962; baseline -0.011 -22"><span class='ocrx_word' id='word_1_25' title='bbox 667 860 968 951; x_wconf 70' lang='lat' dir='ltr'>²feratur</span> <span class='ocrx_word' id='word_1_26' title='bbox 997 920 1014 937; x_wconf 91' lang='lat'><strong>.</strong></span> <span class='ocrx_word' id='word_1_27' title='bbox 1071 854 1460 956; x_wconf 73' lang='lat' dir='ltr'>Subiungit</span> <span class='ocrx_word' id='word_1_28' title='bbox 1510 875 1690 931; x_wconf 87' lang='lat' dir='ltr'>vero</span> <span class='ocrx_word' id='word_1_29' title='bbox 1741 847 2081 962; x_wconf 40' lang='lat' dir='ltr'>sach-oms</span> <span class='ocrx_word' id='word_1_30' title='bbox 2102 872 2252 924; x_wconf 87' lang='lat' dir='ltr'>me·</span> 
     </span>
     <span class='ocr_line' id='line_1_6' title="bbox 690 944 2253 1055; baseline -0.009 -12"><span class='ocrx_word' id='word_1_31' title='bbox 690 964 1176 1055; x_wconf 86' lang='lat' dir='ltr'>ditationem,</span> <span class='ocrx_word' id='word_1_32' title='bbox 1226 982 1398 1037; x_wconf 88' lang='lat' dir='ltr'>cum</span> <span class='ocrx_word' id='word_1_33' title='bbox 1451 953 1632 1032; x_wconf 88' lang='lat' dir='ltr'>dicit</span> <span class='ocrx_word' id='word_1_34' title='bbox 1673 977 1693 1027; x_wconf 74' lang='grc' dir='ltr'><em>τ</em></span> <span class='ocrx_word' id='word_1_35' title='bbox 1740 957 1848 1027; x_wconf 83' lang='lat' dir='ltr'>Et</span> <span class='ocrx_word' id='word_1_36' title='bbox 1903 974 1983 1028; x_wconf 84' lang='lat' dir='ltr'>m</span> <span class='ocrx_word' id='word_1_37' title='bbox 2020 944 2253 1045; x_wconf 63' lang='lat' dir='ltr'>fallis</span> 
     </span>
     <span class='ocr_line' id='line_1_7' title="bbox 694 1052 2254 1148; baseline -0.01 -6"><span class='ocrx_word' id='word_1_38' title='bbox 694 1072 1046 1142; x_wconf 84' lang='lat' dir='ltr'>manuum</span> <span class='ocrx_word' id='word_1_39' title='bbox 1099 1086 1393 1140; x_wconf 82' lang='lat' dir='ltr'>tuarum</span> <span class='ocrx_word' id='word_1_40' title='bbox 1444 1052 1854 1134; x_wconf 81' lang='lat' dir='ltr'>meditabar</span> <span class='ocrx_word' id='word_1_41' title='bbox 1902 1077 1920 1125; x_wconf 73' lang='grc' dir='ltr'><strong><em>ε</em></strong></span> <span class='ocrx_word' id='word_1_42' title='bbox 1991 1066 2073 1126; x_wconf 91' lang='lat' dir='ltr'>ut</span> <span class='ocrx_word' id='word_1_43' title='bbox 2125 1074 2254 1148; x_wconf 90' lang='lat' dir='ltr'>per</span> 
     </span>
     <span class='ocr_line' id='line_1_8' title="bbox 698 1151 2248 1265; baseline -0.01 -23"><span class='ocrx_word' id='word_1_44' title='bbox 698 1163 887 1243; x_wconf 60' lang='lat' dir='ltr'>sacia</span> <span class='ocrx_word' id='word_1_45' title='bbox 939 1188 1198 1241; x_wconf 86' lang='lat' dir='ltr'>manus</span> <span class='ocrx_word' id='word_1_46' title='bbox 1269 1156 1480 1258; x_wconf 76' lang='lat' dir='ltr'>ipsius</span> <span class='ocrx_word' id='word_1_47' title='bbox 1553 1151 2051 1265; x_wconf 80' lang='lat' dir='ltr'>intelligamus</span> <span class='ocrx_word' id='word_1_48' title='bbox 2123 1176 2248 1228; x_wconf 84' lang='lat' dir='ltr'>cae-</span> 
     </span>
    </p>
   </div>
   <div class='ocr_carea' id='block_1_5' title="bbox 647 1265 2250 1448">
    <p class='ocr_par' dir='ltr' id='par_1_5' title="bbox 647 1265 2250 1448">
     <span class='ocr_line' id='line_1_9' title="bbox 691 1265 2250 1355; baseline -0.011 -12"><span class='ocrx_word' id='word_1_49' title='bbox 691 1265 851 1342; x_wconf 89' lang='lat' dir='ltr'>lum</span> <span class='ocrx_word' id='word_1_50' title='bbox 907 1283 981 1342; x_wconf 90' lang='lat' dir='ltr'>et</span> <span class='ocrx_word' id='word_1_51' title='bbox 1033 1283 1346 1355; x_wconf 89' lang='lat' dir='ltr'>terram,</span> <span class='ocrx_word' id='word_1_52' title='bbox 1416 1275 1491 1334; x_wconf 85' lang='lat' dir='ltr'>et</span> <span class='ocrx_word' id='word_1_53' title='bbox 1560 1276 1815 1330; x_wconf 79' lang='lat' dir='ltr'>omnia</span> <span class='ocrx_word' id='word_1_54' title='bbox 1882 1276 2039 1349; x_wconf 85' lang='lat' dir='ltr'>quae</span> <span class='ocrx_word' id='word_1_55' title='bbox 2092 1275 2250 1349; x_wconf 90' lang='lat' dir='ltr'>pro-</span> 
     </span>
     <span class='ocr_line' id='line_1_10' title="bbox 647 1351 2236 1448; baseline -0.008 -4"><span class='ocrx_word' id='word_1_56' title='bbox 647 1360 958 1444; x_wconf 84' lang='lat' dir='ltr'>cedunt</span> <span class='ocrx_word' id='word_1_57' title='bbox 1008 1365 1088 1442; x_wconf 89' lang='lat' dir='ltr'>in</span> <span class='ocrx_word' id='word_1_58' title='bbox 1139 1366 1277 1440; x_wconf 74' lang='lat' dir='ltr'>effe</span> <span class='ocrx_word' id='word_1_59' title='bbox 1331 1386 1373 1436; x_wconf 90' lang='lat' dir='ltr'>a</span> <span class='ocrx_word' id='word_1_60' title='bbox 1429 1362 1644 1448; x_wconf 87' lang='lat' dir='ltr'>De0‚</span> <span class='ocrx_word' id='word_1_61' title='bbox 1697 1351 1873 1430; x_wconf 88' lang='lat' dir='ltr'>ficut</span> <span class='ocrx_word' id='word_1_62' title='bbox 1925 1355 2018 1429; x_wconf 91' lang='lat' dir='ltr'>ab</span> <span class='ocrx_word' id='word_1_63' title='bbox 2069 1353 2236 1433; x_wconf 87' lang='lat' dir='ltr'>arti-</span> 
     </span>
    </p>
   </div>
   <div class='ocr_carea' id='block_1_6' title="bbox 684 1456 1805 1560">
    <p class='ocr_par' dir='ltr' id='par_1_6' title="bbox 684 1456 1805 1560">
     <span class='ocr_line' id='line_1_11' title="bbox 684 1456 1805 1560; baseline -0.014 -17"><span class='ocrx_word' id='word_1_64' title='bbox 684 1464 822 1545; x_wconf 83' lang='lat' dir='ltr'>fice</span> <span class='ocrx_word' id='word_1_65' title='bbox 874 1462 1286 1543; x_wconf 65' lang='lat' dir='ltr'>manufafia</span> <span class='ocrx_word' id='word_1_66' title='bbox 1338 1456 1735 1560; x_wconf 89' lang='lat' dir='ltr'>procedunt</span> <span class='ocrx_word' id='word_1_67' title='bbox 1784 1509 1805 1527; x_wconf 91' lang='lat'><strong>.</strong></span> 
     </span>
    </p>
   </div>
   <div class='ocr_carea' id='block_1_7' title="bbox 682 1573 2230 1809">
    <p class='ocr_par' dir='ltr' id='par_1_7' title="bbox 682 1573 2230 1809">
     <span class='ocr_line' id='line_1_12' title="bbox 1000 1573 1887 1637; baseline -0.001 -3"><span class='ocrx_word' id='word_1_68' title='bbox 1000 1573 1055 1634; x_wconf 92' lang='lat' dir='ltr'>C</span> <span class='ocrx_word' id='word_1_69' title='bbox 1139 1576 1199 1636; x_wconf 83' lang='lat' dir='ltr'>A</span> <span class='ocrx_word' id='word_1_70' title='bbox 1288 1575 1333 1636; x_wconf 89' lang='lat' dir='ltr'>P</span> <span class='ocrx_word' id='word_1_71' title='bbox 1422 1577 1478 1637; x_wconf 92' lang='lat' dir='ltr'><strong>U</strong></span> <span class='ocrx_word' id='word_1_72' title='bbox 1565 1576 1626 1636; x_wconf 86' lang='lat' dir='ltr'><strong>T</strong></span> <span class='ocrx_word' id='word_1_73' title='bbox 1794 1573 1887 1636; x_wconf 84' lang='lat'>11.</span> 
     </span>
     <span class='ocr_line' id='line_1_13' title="bbox 682 1649 2230 1739; baseline 0.001 -26"><span class='ocrx_word' id='word_1_74' title='bbox 682 1653 859 1739; x_wconf 68' lang='lat' dir='ltr'>,Quod</span> <span class='ocrx_word' id='word_1_75' title='bbox 912 1652 1265 1729; x_wconf 75' lang='lat' dir='ltr'><em>consideratio</em></span> <span class='ocrx_word' id='word_1_76' title='bbox 1307 1674 1678 1714; x_wconf 78' lang='lat' dir='ltr'>creaturarum</span> <span class='ocrx_word' id='word_1_77' title='bbox 1734 1654 1896 1717; x_wconf 72' lang='lat' dir='ltr'>milis</span> <span class='ocrx_word' id='word_1_78' title='bbox 1933 1651 2006 1731; x_wconf 67' lang='lat' dir='ltr'>est</span> <span class='ocrx_word' id='word_1_79' title='bbox 2045 1653 2124 1714; x_wconf 81' lang='lat' dir='ltr'>ad</span> <span class='ocrx_word' id='word_1_80' title='bbox 2153 1649 2230 1729; x_wconf 75' lang='lat' dir='ltr'>fi-</span> 
     </span>
     <span class='ocr_line' id='line_1_14' title="bbox 1161 1731 1744 1809; baseline 0 -16"><span class='ocrx_word' id='word_1_81' title='bbox 1161 1733 1258 1795; x_wconf 75' lang='lat' dir='ltr'>dei</span> <span class='ocrx_word' id='word_1_82' title='bbox 1296 1731 1701 1809; x_wconf 64' lang='lat' dir='ltr'>instrufiionem</span> <span class='ocrx_word' id='word_1_83' title='bbox 1727 1774 1744 1793; x_wconf 90' lang='lat'><strong>.</strong></span> 
     </span>
    </p>
   </div>
   <div class='ocr_carea' id='block_1_8' title="bbox 3799 458 3912 519">
    <p class='ocr_par' dir='ltr' id='par_1_8' title="bbox 3799 458 3912 519">
     <span class='ocr_line' id='line_1_15' title="bbox 3799 458 3912 519; baseline 0 -20"><span class='ocrx_word' id='word_1_84' title='bbox 3799 458 3912 519; x_wconf 67' lang='grc' dir='ltr'>ης</span> 
     </span>
    </p>
   </div>
   <div class='ocr_carea' id='block_1_9' title="bbox 2328 539 3925 1863">
    <p class='ocr_par' dir='ltr' id='par_1_9' title="bbox 2328 539 3925 1863">
     <span class='ocr_line' id='line_1_16' title="bbox 2474 539 3925 643; baseline 0.004 -22"><span class='ocrx_word' id='word_1_85' title='bbox 2474 571 2539 621; x_wconf 88' lang='lat'>2.</span> <span class='ocrx_word' id='word_1_86' title='bbox 2597 545 2775 623; x_wconf 83' lang='lat' dir='ltr'>Haec</span> <span class='ocrx_word' id='word_1_87' title='bbox 2826 539 3312 621; x_wconf 67' lang='lat' dir='ltr'>consideratio</span> <span class='ocrx_word' id='word_1_88' title='bbox 3363 540 3441 618; x_wconf 87' lang='lat' dir='ltr'>in</span> <span class='ocrx_word' id='word_1_89' title='bbox 3509 547 3925 643; x_wconf 75' lang='lat' dir='ltr'>admiratio-</span> 
     </span>
     <span class='ocr_line' id='line_1_17' title="bbox 2351 640 3924 749; baseline 0.005 -30"><span class='ocrx_word' id='word_1_90' title='bbox 2351 670 2540 723; x_wconf 84' lang='lat' dir='ltr'>nem</span> <span class='ocrx_word' id='word_1_91' title='bbox 2590 642 2944 723; x_wconf 81' lang='lat' dir='ltr'>altiffimae</span> <span class='ocrx_word' id='word_1_92' title='bbox 3001 643 3147 721; x_wconf 91' lang='lat' dir='ltr'>Dei</span> <span class='ocrx_word' id='word_1_93' title='bbox 3198 640 3491 737; x_wconf 85' lang='lat' dir='ltr'>virtutis</span> <span class='ocrx_word' id='word_1_94' title='bbox 3542 648 3796 743; x_wconf 85' lang='lat' dir='ltr'>ducit,</span> <span class='ocrx_word' id='word_1_95' title='bbox 3847 667 3924 749; x_wconf 68' lang='lat' dir='ltr'>qt</span> 
     </span>
     <span class='ocr_line' id='line_1_18' title="bbox 2358 741 3922 847; baseline 0.002 -24"><span class='ocrx_word' id='word_1_96' title='bbox 2358 771 2488 847; x_wconf 90' lang='lat' dir='ltr'>per</span> <span class='ocrx_word' id='word_1_97' title='bbox 2538 744 2979 845; x_wconf 86' lang='lat' dir='ltr'>consequens</span> <span class='ocrx_word' id='word_1_98' title='bbox 3032 743 3113 822; x_wconf 87' lang='lat' dir='ltr'>in</span> <span class='ocrx_word' id='word_1_99' title='bbox 3160 741 3497 822; x_wconf 79' lang='lat' dir='ltr'>cordibus</span> <span class='ocrx_word' id='word_1_100' title='bbox 3529 744 3922 841; x_wconf 79' lang='lat' dir='ltr'>hominum</span> 
     </span>
     <span class='ocr_line' id='line_1_19' title="bbox 2357 843 3915 950; baseline 0.003 -29"><span class='ocrx_word' id='word_1_101' title='bbox 2357 847 2854 924; x_wconf 84' lang='lat' dir='ltr'>reverentiam</span> <span class='ocrx_word' id='word_1_102' title='bbox 2910 844 3056 924; x_wconf 91' lang='lat' dir='ltr'>Dei</span> <span class='ocrx_word' id='word_1_103' title='bbox 3110 843 3336 944; x_wconf 86' lang='lat' dir='ltr'>parit.</span> <span class='ocrx_word' id='word_1_104' title='bbox 3375 846 3692 944; x_wconf 86' lang='lat' dir='ltr'>Oportet</span> <span class='ocrx_word' id='word_1_105' title='bbox 3713 846 3915 950; x_wconf 81' lang='lat' dir='ltr'>enim</span> 
     </span>
     <span class='ocr_line' id='line_1_20' title="bbox 2355 944 3916 1045; baseline 0.002 -21"><span class='ocrx_word' id='word_1_106' title='bbox 2355 949 2548 1045; x_wconf 88' lang='lat' dir='ltr'>quod</span> <span class='ocrx_word' id='word_1_107' title='bbox 2603 947 2832 1025; x_wconf 85' lang='lat' dir='ltr'>virtus</span> <span class='ocrx_word' id='word_1_108' title='bbox 2884 944 3215 1024; x_wconf 89' lang='lat' dir='ltr'>facientis</span> <span class='ocrx_word' id='word_1_109' title='bbox 3294 945 3741 1026; x_wconf 85' lang='lat' dir='ltr'>eminentior</span> <span class='ocrx_word' id='word_1_110' title='bbox 3806 964 3916 1028; x_wconf 82' lang='lat' dir='ltr'>re-</span> 
     </span>
     <span class='ocr_line' id='line_1_21' title="bbox 2358 1046 3915 1147; baseline 0.002 -22"><span class='ocrx_word' id='word_1_111' title='bbox 2358 1050 2487 1125; x_wconf 87' lang='lat' dir='ltr'>bus</span> <span class='ocrx_word' id='word_1_112' title='bbox 2541 1046 2748 1126; x_wconf 86' lang='lat' dir='ltr'>factis</span> <span class='ocrx_word' id='word_1_113' title='bbox 2800 1046 3253 1147; x_wconf 85' lang='lat' dir='ltr'>intelligatur</span> <span class='ocrx_word' id='word_1_114' title='bbox 3295 1075 3320 1142; x_wconf 65' lang='grc' dir='ltr'><strong>ς</strong></span> <span class='ocrx_word' id='word_1_115' title='bbox 3387 1063 3463 1124; x_wconf 89' lang='lat' dir='ltr'>et</span> <span class='ocrx_word' id='word_1_116' title='bbox 3511 1048 3682 1127; x_wconf 90' lang='lat' dir='ltr'>ideo</span> <span class='ocrx_word' id='word_1_117' title='bbox 3731 1049 3915 1131; x_wconf 85' lang='lat' dir='ltr'>dici-</span> 
     </span>
     <span class='ocr_line' id='line_1_22' title="bbox 2354 1140 3911 1248; baseline 0 -21"><span class='ocrx_word' id='word_1_118' title='bbox 2354 1166 2470 1227; x_wconf 91' lang='lat' dir='ltr'>tur</span> <span class='ocrx_word' id='word_1_119' title='bbox 2521 1152 2680 1248; x_wconf 85' lang='lat' dir='ltr'><strong>Sap.</strong></span> <span class='ocrx_word' id='word_1_120' title='bbox 2748 1172 3003 1226; x_wconf 86' lang='lat' dir='ltr'>x111.·</span> <span class='ocrx_word' id='word_1_121' title='bbox 3042 1176 3114 1245; x_wconf 89' lang='lat'>4.</span> <span class='ocrx_word' id='word_1_122' title='bbox 3185 1145 3269 1225; x_wconf 80' lang='lat' dir='ltr'>si</span> <span class='ocrx_word' id='word_1_123' title='bbox 3336 1147 3754 1245; x_wconf 82' lang='lat' dir='ltr'>virtutem,</span> <span class='ocrx_word' id='word_1_124' title='bbox 3804 1140 3911 1239; x_wconf 61' lang='lat'>(⁹².</span> 
     </span>
     <span class='ocr_line' id='line_1_23' title="bbox 2353 1248 3906 1350; baseline 0.001 -24"><span class='ocrx_word' id='word_1_125' title='bbox 2353 1268 2567 1350; x_wconf 87' lang='lat' dir='ltr'>opera</span> <span class='ocrx_word' id='word_1_126' title='bbox 2616 1276 2903 1341; x_wconf 88' lang='lat' dir='ltr'>eorum,</span> <span class='ocrx_word' id='word_1_127' title='bbox 2958 1248 3230 1326; x_wconf 87' lang='lat' dir='ltr'>scilicet</span> <span class='ocrx_word' id='word_1_128' title='bbox 3280 1249 3435 1327; x_wconf 81' lang='lat' dir='ltr'>caeli</span> <span class='ocrx_word' id='word_1_129' title='bbox 3472 1302 3500 1344; x_wconf 85' lang='lat'>‚</span> <span class='ocrx_word' id='word_1_130' title='bbox 3551 1267 3626 1328; x_wconf 86' lang='lat' dir='ltr'>et</span> <span class='ocrx_word' id='word_1_131' title='bbox 3675 1250 3906 1350; x_wconf 70' lang='lat' dir='ltr'>stella,-</span> 
     </span>
     <span class='ocr_line' id='line_1_24' title="bbox 2338 1348 3906 1445; baseline 0.001 -17"><span class='ocrx_word' id='word_1_132' title='bbox 2338 1375 2547 1445; x_wconf 85' lang='lat' dir='ltr'>mm,</span> <span class='ocrx_word' id='word_1_133' title='bbox 2599 1368 2675 1428; x_wconf 91' lang='lat' dir='ltr'>et</span> <span class='ocrx_word' id='word_1_134' title='bbox 2726 1349 3260 1443; x_wconf 86' lang='lat' dir='ltr'>elementorum</span> <span class='ocrx_word' id='word_1_135' title='bbox 3312 1348 3626 1445; x_wconf 88' lang='lat' dir='ltr'>mundi,</span> <span class='ocrx_word' id='word_1_136' title='bbox 3680 1351 3906 1431; x_wconf 80' lang='lat' dir='ltr'>mira·</span> 
     </span>
     <span class='ocr_line' id='line_1_25' title="bbox 2337 1448 3903 1550; baseline -0.001 -20"><span class='ocrx_word' id='word_1_137' title='bbox 2337 1453 2404 1532; x_wconf 79' lang='lat' dir='ltr'>ti</span> <span class='ocrx_word' id='word_1_138' title='bbox 2471 1449 2658 1543; x_wconf 79' lang='lat' dir='ltr'>sunt</span> <span class='ocrx_word' id='word_1_139' title='bbox 2707 1505 2734 1547; x_wconf 90' lang='lat'><strong>,</strong></span> <span class='ocrx_word' id='word_1_140' title='bbox 2812 1449 3085 1529; x_wconf 88' lang='lat' dir='ltr'>scilicet</span> <span class='ocrx_word' id='word_1_141' title='bbox 3179 1448 3691 1550; x_wconf 64' lang='lat' dir='ltr'>Philosophi,</span> <span class='ocrx_word' id='word_1_142' title='bbox 3788 1452 3903 1531; x_wconf 65' lang='lat' dir='ltr'>in-</span> 
     </span>
     <span class='ocr_line' id='line_1_26' title="bbox 2330 1545 3899 1652; baseline 0 -22"><span class='ocrx_word' id='word_1_143' title='bbox 2330 1550 2691 1652; x_wconf 76' lang='lat' dir='ltr'>telligant</span> <span class='ocrx_word' id='word_1_144' title='bbox 2743 1551 3084 1648; x_wconf 85' lang='lat' dir='ltr'>quoniam</span> <span class='ocrx_word' id='word_1_145' title='bbox 3119 1547 3245 1647; x_wconf 84' lang='lat' dir='ltr'>qui</span> <span class='ocrx_word' id='word_1_146' title='bbox 3298 1545 3478 1642; x_wconf 78' lang='lat' dir='ltr'>fecit</span> <span class='ocrx_word' id='word_1_147' title='bbox 3516 1551 3700 1647; x_wconf 81' lang='lat' dir='ltr'>baec,</span> <span class='ocrx_word' id='word_1_148' title='bbox 3737 1547 3899 1649; x_wconf 65' lang='lat' dir='ltr'>fir.-</span> 
     </span>
     <span class='ocr_line' id='line_1_27' title="bbox 2328 1650 3894 1749; baseline 0.001 -17"><span class='ocrx_word' id='word_1_149' title='bbox 2328 1653 2480 1732; x_wconf 81' lang='lat' dir='ltr'>tior</span> <span class='ocrx_word' id='word_1_150' title='bbox 2528 1650 2631 1749; x_wconf 84' lang='lat' dir='ltr'>est</span> <span class='ocrx_word' id='word_1_151' title='bbox 2684 1650 2841 1731; x_wconf 83' lang='lat' dir='ltr'>illis</span> <span class='ocrx_word' id='word_1_152' title='bbox 2880 1679 2912 1739; x_wconf 58' lang='lat' dir='ltr'>‚t</span> <span class='ocrx_word' id='word_1_153' title='bbox 2966 1668 3042 1728; x_wconf 89' lang='lat' dir='ltr'>et</span> <span class='ocrx_word' id='word_1_154' title='bbox 3091 1652 3183 1727; x_wconf 92' lang='lat' dir='ltr'>ad</span> <span class='ocrx_word' id='word_1_155' title='bbox 3236 1654 3458 1729; x_wconf 89' lang='lat' dir='ltr'>Rom.</span> <span class='ocrx_word' id='word_1_156' title='bbox 3523 1679 3583 1728; x_wconf 88' lang='lat'>1.</span> <span class='ocrx_word' id='word_1_157' title='bbox 3641 1679 3759 1731; x_wconf 86' lang='lat'>20.</span> <span class='ocrx_word' id='word_1_158' title='bbox 3787 1653 3894 1733; x_wconf 85' lang='lat' dir='ltr'>di-</span> 
     </span>
     <span class='ocr_line' id='line_1_28' title="bbox 2331 1748 3889 1863; baseline -0.001 -32"><span class='ocrx_word' id='word_1_159' title='bbox 2331 1755 2565 1832; x_wconf 87' lang='lat' dir='ltr'>citur:</span> <span class='ocrx_word' id='word_1_160' title='bbox 2592 1750 3015 1852; x_wconf 72' lang='lat' dir='ltr'>Invisibilia</span> <span class='ocrx_word' id='word_1_161' title='bbox 3070 1748 3219 1828; x_wconf 89' lang='lat' dir='ltr'>Dei</span> <span class='ocrx_word' id='word_1_162' title='bbox 3266 1769 3396 1852; x_wconf 80' lang='lat' dir='ltr'>per</span> <span class='ocrx_word' id='word_1_163' title='bbox 3447 1778 3534 1828; x_wconf 85' lang='lat' dir='ltr'>ea</span> <span class='ocrx_word' id='word_1_164' title='bbox 3565 1778 3738 1863; x_wconf 33' lang='lat' dir='ltr'><em>‘quae</em></span> <span class='ocrx_word' id='word_1_165' title='bbox 3761 1750 3889 1861; x_wconf 52' lang='lat' dir='ltr'>fay</span> 
     </span>
    </p>
   </div>
   <div class='ocr_carea' id='block_1_10' title="bbox 680 1847 3890 2066">
    <p class='ocr_par' dir='ltr' id='par_1_10' title="bbox 680 1847 3890 2066">
     <span class='ocr_line' id='line_1_29' title="bbox 680 1847 3883 2044; baseline -0.001 -113"><span class='ocrx_word' id='word_1_166' title='bbox 680 1852 1285 2044; x_wconf 83' lang='lat' dir='ltr'>HUjusmodi</span> <span class='ocrx_word' id='word_1_167' title='bbox 1339 1852 1640 1951; x_wconf 89' lang='lat' dir='ltr'>quidem</span> <span class='ocrx_word' id='word_1_168' title='bbox 1692 1850 2112 1929; x_wconf 90' lang='lat' dir='ltr'>divinorum</span> <span class='ocrx_word' id='word_1_169' title='bbox 2139 1847 2234 1926; x_wconf 86' lang='lat' dir='ltr'>fa·</span> <span class='ocrx_word' id='word_1_170' title='bbox 2339 1853 2457 1931; x_wconf 66' lang='lat' dir='ltr'>&amp;a</span> <span class='ocrx_word' id='word_1_171' title='bbox 2490 1850 2738 1946; x_wconf 54' lang='lat' dir='ltr'>sunm</span> <span class='ocrx_word' id='word_1_172' title='bbox 2812 1848 3189 1945; x_wconf 65' lang='lat' dir='ltr'>intellebia</span> <span class='ocrx_word' id='word_1_173' title='bbox 3268 1849 3810 1952; x_wconf 67' lang='lat' dir='ltr'>conspiciuntur</span> <span class='ocrx_word' id='word_1_174' title='bbox 3859 1880 3883 1929; x_wconf 74' lang='grc' dir='ltr'><strong><em>ε</em></strong></span> 
     </span>
     <span class='ocr_line' id='line_1_30' title="bbox 945 1948 3890 2066; baseline 0.001 -36"><span class='ocrx_word' id='word_1_175' title='bbox 945 1953 1233 2031; x_wconf 66' lang='lat' dir='ltr'>&amp;orum</span> <span class='ocrx_word' id='word_1_176' title='bbox 1285 1953 1671 2029; x_wconf 85' lang='lat' dir='ltr'>meditatio</span> <span class='ocrx_word' id='word_1_177' title='bbox 1721 1953 1812 2028; x_wconf 89' lang='lat' dir='ltr'>ad</span> <span class='ocrx_word' id='word_1_178' title='bbox 1841 1950 2061 2029; x_wconf 90' lang='lat' dir='ltr'>fidem</span> <span class='ocrx_word' id='word_1_179' title='bbox 2102 1950 2228 2027; x_wconf 91' lang='lat' dir='ltr'>hu·</span> <span class='ocrx_word' id='word_1_180' title='bbox 2310 1951 2773 2066; x_wconf 63' lang='lat' dir='ltr'>sempiferna</span> <span class='ocrx_word' id='word_1_181' title='bbox 2842 1977 3116 2050; x_wconf 86' lang='lat' dir='ltr'>quoque</span> <span class='ocrx_word' id='word_1_182' title='bbox 3184 1948 3341 2052; x_wconf 80' lang='lat' dir='ltr'>ejus</span> <span class='ocrx_word' id='word_1_183' title='bbox 3414 1951 3663 2031; x_wconf 80' lang='lat' dir='ltr'>virtus</span> <span class='ocrx_word' id='word_1_184' title='bbox 3688 2006 3716 2044; x_wconf 89' lang='lat'>‚</span> <span class='ocrx_word' id='word_1_185' title='bbox 3783 1954 3890 2033; x_wconf 68' lang='grc' dir='ltr'>Φ·</span> 
     </span>
    </p>
   </div>
   <div class='ocr_carea' id='block_1_11' title="bbox 659 2052 2230 2655">
    <p class='ocr_par' dir='ltr' id='par_1_11' title="bbox 675 2052 2230 2233">
     <span class='ocr_line' id='line_1_31' title="bbox 679 2052 2230 2132; baseline -0.003 -1"><span class='ocrx_word' id='word_1_186' title='bbox 679 2079 981 2131; x_wconf 90' lang='lat' dir='ltr'>manam</span> <span class='ocrx_word' id='word_1_187' title='bbox 1035 2052 1520 2131; x_wconf 85' lang='lat' dir='ltr'>instruendam</span> <span class='ocrx_word' id='word_1_188' title='bbox 1571 2053 1659 2132; x_wconf 89' lang='lat' dir='ltr'>de</span> <span class='ocrx_word' id='word_1_189' title='bbox 1715 2056 1883 2131; x_wconf 87' lang='lat' dir='ltr'>Deo</span> <span class='ocrx_word' id='word_1_190' title='bbox 1924 2052 2230 2129; x_wconf 79' lang='lat' dir='ltr'>necess‘a·</span> 
     </span>
     <span class='ocr_line' id='line_1_32' title="bbox 675 2151 980 2233; baseline -0.007 -2"><span class='ocrx_word' id='word_1_191' title='bbox 675 2155 786 2233; x_wconf 89' lang='lat' dir='ltr'>ria</span> <span class='ocrx_word' id='word_1_192' title='bbox 839 2151 941 2231; x_wconf 88' lang='lat' dir='ltr'>est</span> <span class='ocrx_word' id='word_1_193' title='bbox 962 2209 980 2228; x_wconf 90' lang='lat'><strong>.</strong></span> 
     </span>
    </p>

    <p class='ocr_par' dir='ltr' id='par_1_12' title="bbox 659 2249 2226 2655">
     <span class='ocr_line' id='line_1_33' title="bbox 770 2249 2223 2354; baseline -0.002 -22"><span class='ocrx_word' id='word_1_194' title='bbox 770 2255 1021 2333; x_wconf 91' lang='lat' dir='ltr'>Primo</span> <span class='ocrx_word' id='word_1_195' title='bbox 1091 2252 1390 2354; x_wconf 88' lang='lat' dir='ltr'>quidem</span> <span class='ocrx_word' id='word_1_196' title='bbox 1458 2252 1632 2353; x_wconf 89' lang='lat' dir='ltr'>quia</span> <span class='ocrx_word' id='word_1_197' title='bbox 1700 2277 1790 2332; x_wconf 85' lang='lat' dir='ltr'>ex</span> <span class='ocrx_word' id='word_1_198' title='bbox 1865 2249 2223 2331; x_wconf 70' lang='lat' dir='ltr'>fastorum</span> 
     </span>
     <span class='ocr_line' id='line_1_34' title="bbox 662 2353 2224 2453; baseline -0.003 -20"><span class='ocrx_word' id='word_1_199' title='bbox 662 2353 1146 2433; x_wconf 87' lang='lat' dir='ltr'>meditatione</span> <span class='ocrx_word' id='word_1_200' title='bbox 1225 2354 1560 2433; x_wconf 90' lang='lat' dir='ltr'>divinam</span> <span class='ocrx_word' id='word_1_201' title='bbox 1632 2353 2059 2453; x_wconf 87' lang='lat' dir='ltr'>sapientiam</span> <span class='ocrx_word' id='word_1_202' title='bbox 2112 2367 2224 2446; x_wconf 76' lang='lat' dir='ltr'>ut-</span> 
     </span>
     <span class='ocr_line' id='line_1_35' title="bbox 660 2455 2224 2556; baseline -0.003 -22"><span class='ocrx_word' id='word_1_203' title='bbox 660 2480 977 2555; x_wconf 87' lang='lat' dir='ltr'>cumque</span> <span class='ocrx_word' id='word_1_204' title='bbox 1003 2456 1370 2556; x_wconf 81' lang='lat' dir='ltr'>poffumus</span> <span class='ocrx_word' id='word_1_205' title='bbox 1408 2473 1482 2533; x_wconf 91' lang='lat' dir='ltr'>et</span> <span class='ocrx_word' id='word_1_206' title='bbox 1515 2455 1908 2548; x_wconf 87' lang='lat' dir='ltr'>admirari,</span> <span class='ocrx_word' id='word_1_207' title='bbox 1952 2471 2024 2531; x_wconf 92' lang='lat' dir='ltr'>et</span> <span class='ocrx_word' id='word_1_208' title='bbox 2053 2477 2224 2531; x_wconf 91' lang='lat' dir='ltr'>con-</span> 
     </span>
     <span class='ocr_line' id='line_1_36' title="bbox 659 2552 2226 2655; baseline -0.001 -24"><span class='ocrx_word' id='word_1_209' title='bbox 659 2554 961 2635; x_wconf 77' lang='lat' dir='ltr'>siderare</span> <span class='ocrx_word' id='word_1_210' title='bbox 1011 2613 1031 2633; x_wconf 89' lang='lat'><strong>.</strong></span> <span class='ocrx_word' id='word_1_211' title='bbox 1089 2558 1198 2633; x_wconf 89' lang='lat' dir='ltr'>Ea</span> <span class='ocrx_word' id='word_1_212' title='bbox 1250 2558 1454 2634; x_wconf 88' lang='lat' dir='ltr'>enirn</span> <span class='ocrx_word' id='word_1_213' title='bbox 1506 2581 1664 2655; x_wconf 81' lang='lat' dir='ltr'>quae</span> <span class='ocrx_word' id='word_1_214' title='bbox 1737 2572 1890 2633; x_wconf 90' lang='lat' dir='ltr'>arte</span> <span class='ocrx_word' id='word_1_215' title='bbox 1959 2552 2148 2631; x_wconf 90' lang='lat' dir='ltr'>fiunt</span> <span class='ocrx_word' id='word_1_216' title='bbox 2198 2602 2226 2646; x_wconf 82' lang='lat'>‚</span> 
     </span>
    </p>
   </div>
   <div class='ocr_carea' id='block_1_12' title="bbox 545 2654 2225 2756">
    <p class='ocr_par' dir='ltr' id='par_1_13' title="bbox 545 2654 2225 2756">
     <span class='ocr_line' id='line_1_37' title="bbox 545 2654 2225 2756; baseline -0.002 -22"><span class='ocrx_word' id='word_1_217' title='bbox 545 2694 548 2697; x_wconf 96' lang='lat'>·</span> <span class='ocrx_word' id='word_1_218' title='bbox 659 2654 877 2756; x_wconf 75' lang='lat' dir='ltr'>ipsius</span> <span class='ocrx_word' id='word_1_219' title='bbox 927 2655 1102 2734; x_wconf 88' lang='lat' dir='ltr'>artis</span> <span class='ocrx_word' id='word_1_220' title='bbox 1155 2656 1318 2753; x_wconf 82' lang='lat' dir='ltr'>sunt</span> <span class='ocrx_word' id='word_1_221' title='bbox 1358 2655 1977 2754; x_wconf 64' lang='lat' dir='ltr'>repraesentativa,</span> <span class='ocrx_word' id='word_1_222' title='bbox 2019 2672 2225 2750; x_wconf 92' lang='lat' dir='ltr'>utpo-</span> 
     </span>
    </p>
   </div>
   <div class='ocr_carea' id='block_1_13' title="bbox 659 2752 2220 2835">
    <p class='ocr_par' dir='ltr' id='par_1_14' title="bbox 659 2752 2220 2835">
     <span class='ocr_line' id='line_1_38' title="bbox 659 2752 2220 2835; baseline -0.004 0"><span class='ocrx_word' id='word_1_223' title='bbox 659 2777 736 2835; x_wconf 88' lang='lat' dir='ltr'>te</span> <span class='ocrx_word' id='word_1_224' title='bbox 787 2757 878 2831; x_wconf 92' lang='lat' dir='ltr'>ad</span> <span class='ocrx_word' id='word_1_225' title='bbox 930 2756 1485 2831; x_wconf 79' lang='lat' dir='ltr'>similitudinem</span> <span class='ocrx_word' id='word_1_226' title='bbox 1539 2755 1711 2830; x_wconf 88' lang='lat' dir='ltr'>artis</span> <span class='ocrx_word' id='word_1_227' title='bbox 1763 2752 2220 2831; x_wconf 54' lang='lat' dir='ltr'>fammeus</span> 
     </span>
    </p>
   </div>
   <div class='ocr_carea' id='block_1_14' title="bbox 537 2853 2219 2951">
    <p class='ocr_par' dir='ltr' id='par_1_15' title="bbox 537 2853 2219 2951">
     <span class='ocr_line' id='line_1_39' title="bbox 537 2853 2219 2951; baseline -0.005 -16"><span class='ocrx_word' id='word_1_228' title='bbox 537 2883 540 2886; x_wconf 65' lang='grc'><strong>’</strong></span> <span class='ocrx_word' id='word_1_229' title='bbox 659 2872 906 2934; x_wconf 84' lang='lat' dir='ltr'>autem</span> <span class='ocrx_word' id='word_1_230' title='bbox 962 2857 1083 2931; x_wconf 85' lang='lat' dir='ltr'>sua</span> <span class='ocrx_word' id='word_1_231' title='bbox 1139 2853 1485 2951; x_wconf 76' lang='lat' dir='ltr'>sapientia</span> <span class='ocrx_word' id='word_1_232' title='bbox 1554 2876 1665 2930; x_wconf 89' lang='lat' dir='ltr'>res</span> <span class='ocrx_word' id='word_1_233' title='bbox 1740 2854 1819 2928; x_wconf 91' lang='lat' dir='ltr'>in</span> <span class='ocrx_word' id='word_1_234' title='bbox 1872 2854 2009 2927; x_wconf 79' lang='lat' dir='ltr'>effe</span> <span class='ocrx_word' id='word_1_235' title='bbox 2061 2875 2219 2949; x_wconf 83' lang='lat' dir='ltr'>pro·</span> 
     </span>
    </p>
   </div>
   <div class='ocr_carea' id='block_1_15' title="bbox 652 2950 2245 4959">
    <p class='ocr_par' dir='ltr' id='par_1_16' title="bbox 652 2950 2245 4959">
     <span class='ocr_line' id='line_1_40' title="bbox 657 2950 2208 3065; baseline -0.006 -30"><span class='ocrx_word' id='word_1_236' title='bbox 657 2955 910 3046; x_wconf 85' lang='lat' dir='ltr'>duxit,</span> <span class='ocrx_word' id='word_1_237' title='bbox 963 2971 1255 3052; x_wconf 89' lang='lat' dir='ltr'>propter</span> <span class='ocrx_word' id='word_1_238' title='bbox 1297 2954 1492 3065; x_wconf 84' lang='lat' dir='ltr'>quod</span> <span class='ocrx_word' id='word_1_239' title='bbox 1546 2954 1624 3030; x_wconf 91' lang='lat' dir='ltr'>in</span> <span class='ocrx_word' id='word_1_240' title='bbox 1651 2950 1823 3031; x_wconf 78' lang='lat' dir='ltr'>Psal.</span> <span class='ocrx_word' id='word_1_241' title='bbox 1850 2976 1931 3029; x_wconf 87' lang='lat' dir='ltr'>c1</span> <span class='ocrx_word' id='word_1_242' title='bbox 1960 2976 2208 3046; x_wconf 84' lang='lat'>11.24</span> 
     </span>
     <span class='ocr_line' id='line_1_41' title="bbox 658 3047 2207 3152; baseline -0.005 -17"><span class='ocrx_word' id='word_1_243' title='bbox 658 3055 973 3135; x_wconf 89' lang='lat' dir='ltr'>dicitur:</span> <span class='ocrx_word' id='word_1_244' title='bbox 1006 3053 1274 3131; x_wconf 88' lang='lat' dir='ltr'>Omnia</span> <span class='ocrx_word' id='word_1_245' title='bbox 1325 3082 1405 3131; x_wconf 74' lang='lat' dir='ltr'>in</span> <span class='ocrx_word' id='word_1_246' title='bbox 1439 3051 1822 3152; x_wconf 81' lang='lat' dir='ltr'>sapientia</span> <span class='ocrx_word' id='word_1_247' title='bbox 1884 3047 2127 3148; x_wconf 76' lang='lat' dir='ltr'>fecisti</span> <span class='ocrx_word' id='word_1_248' title='bbox 2188 3107 2207 3128; x_wconf 88' lang='lat'><strong>.</strong></span> 
     </span>
     <span class='ocr_line' id='line_1_42' title="bbox 658 3150 2208 3236; baseline -0.003 0"><span class='ocrx_word' id='word_1_249' title='bbox 658 3156 883 3236; x_wconf 90' lang='lat' dir='ltr'>Unde</span> <span class='ocrx_word' id='word_1_250' title='bbox 935 3178 1025 3232; x_wconf 84' lang='lat' dir='ltr'>ex</span> <span class='ocrx_word' id='word_1_251' title='bbox 1078 3150 1439 3231; x_wconf 66' lang='lat' dir='ltr'>fastorum</span> <span class='ocrx_word' id='word_1_252' title='bbox 1487 3153 2054 3233; x_wconf 77' lang='lat' dir='ltr'>consideratione</span> <span class='ocrx_word' id='word_1_253' title='bbox 2107 3153 2208 3231; x_wconf 90' lang='lat' dir='ltr'>di-</span> 
     </span>
     <span class='ocr_line' id='line_1_43' title="bbox 657 3253 2214 3355; baseline -0.002 -20"><span class='ocrx_word' id='word_1_254' title='bbox 657 3257 914 3336; x_wconf 86' lang='lat' dir='ltr'>vinam</span> <span class='ocrx_word' id='word_1_255' title='bbox 966 3253 1390 3355; x_wconf 87' lang='lat' dir='ltr'>sapientiam</span> <span class='ocrx_word' id='word_1_256' title='bbox 1443 3254 1787 3352; x_wconf 85' lang='lat' dir='ltr'>colligere</span> <span class='ocrx_word' id='word_1_257' title='bbox 1822 3256 2214 3353; x_wconf 86' lang='lat' dir='ltr'>possumus,</span> 
     </span>
     <span class='ocr_line' id='line_1_44' title="bbox 659 3352 2215 3452; baseline -0.003 -18"><span class='ocrx_word' id='word_1_258' title='bbox 659 3355 841 3434; x_wconf 86' lang='lat' dir='ltr'>ficut</span> <span class='ocrx_word' id='word_1_259' title='bbox 917 3356 997 3433; x_wconf 87' lang='lat' dir='ltr'>in</span> <span class='ocrx_word' id='word_1_260' title='bbox 1062 3357 1273 3432; x_wconf 90' lang='lat' dir='ltr'>rebus</span> <span class='ocrx_word' id='word_1_261' title='bbox 1341 3352 1548 3432; x_wconf 86' lang='lat' dir='ltr'>sactis</span> <span class='ocrx_word' id='word_1_262' title='bbox 1678 3378 1756 3430; x_wconf 91' lang='lat' dir='ltr'>er</span> <span class='ocrx_word' id='word_1_263' title='bbox 1820 3356 2215 3452; x_wconf 87' lang='lat' dir='ltr'>quamdam</span> 
     </span>
     <span class='ocr_line' id='line_1_45' title="bbox 664 3452 2220 3549; baseline -0.006 -13"><span class='ocrx_word' id='word_1_264' title='bbox 664 3454 1416 3537; x_wconf 85' lang='lat' dir='ltr'>communicationem</span> <span class='ocrx_word' id='word_1_265' title='bbox 1441 3454 1577 3531; x_wconf 83' lang='lat' dir='ltr'>suae</span> <span class='ocrx_word' id='word_1_266' title='bbox 1635 3453 2101 3531; x_wconf 72' lang='lat' dir='ltr'>imilitudinis</span> <span class='ocrx_word' id='word_1_267' title='bbox 2117 3452 2220 3549; x_wconf 86' lang='lat' dir='ltr'>(a)</span> 
     </span>
     <span class='ocr_line' id='line_1_46' title="bbox 666 3551 2218 3637; baseline -0.005 0"><span class='ocrx_word' id='word_1_268' title='bbox 666 3559 777 3637; x_wconf 90' lang='lat' dir='ltr'>im</span> <span class='ocrx_word' id='word_1_269' title='bbox 833 3558 1086 3634; x_wconf 80' lang='lat' dir='ltr'>ress&#39;am</span> <span class='ocrx_word' id='word_1_270' title='bbox 1126 3583 1144 3631; x_wconf 91' lang='lat'>:</span> <span class='ocrx_word' id='word_1_271' title='bbox 1198 3555 1463 3632; x_wconf 90' lang='lat' dir='ltr'>dicitur</span> <span class='ocrx_word' id='word_1_272' title='bbox 1514 3554 1716 3631; x_wconf 91' lang='lat' dir='ltr'>enirn</span> <span class='ocrx_word' id='word_1_273' title='bbox 1753 3551 1978 3630; x_wconf 87' lang='lat' dir='ltr'>Eccli.</span> <span class='ocrx_word' id='word_1_274' title='bbox 2013 3579 2069 3628; x_wconf 89' lang='lat'>1.</span> <span class='ocrx_word' id='word_1_275' title='bbox 2110 3578 2218 3629; x_wconf 85' lang='grc' dir='ltr'>ιο.</span> 
     </span>
     <span class='ocr_line' id='line_1_47' title="bbox 666 3653 2224 3753; baseline -0.007 -15"><span class='ocrx_word' id='word_1_276' title='bbox 666 3668 735 3739; x_wconf 84' lang='grc' dir='ltr'><strong>Ε</strong></span> <span class='ocrx_word' id='word_1_277' title='bbox 799 3656 973 3736; x_wconf 75' lang='lat' dir='ltr'>uait</span> <span class='ocrx_word' id='word_1_278' title='bbox 1044 3654 1259 3735; x_wconf 78' lang='lat' dir='ltr'>illam</span> <span class='ocrx_word' id='word_1_279' title='bbox 1292 3707 1321 3749; x_wconf 90' lang='lat'>‚</span> <span class='ocrx_word' id='word_1_280' title='bbox 1393 3654 1664 3733; x_wconf 87' lang='lat' dir='ltr'>scilicet</span> <span class='ocrx_word' id='word_1_281' title='bbox 1732 3653 2160 3753; x_wconf 89' lang='lat' dir='ltr'>sapientiam</span> <span class='ocrx_word' id='word_1_282' title='bbox 2195 3706 2224 3748; x_wconf 87' lang='lat'>‚</span> 
     </span>
     <span class='ocr_line' id='line_1_48' title="bbox 652 3753 2225 3862; baseline -0.004 -24"><span class='ocrx_word' id='word_1_283' title='bbox 652 3761 885 3862; x_wconf 84' lang='lat' dir='ltr'>super</span> <span class='ocrx_word' id='word_1_284' title='bbox 935 3755 1183 3837; x_wconf 86' lang='lat' dir='ltr'>omnia</span> <span class='ocrx_word' id='word_1_285' title='bbox 1231 3776 1446 3857; x_wconf 87' lang='lat' dir='ltr'>opera</span> <span class='ocrx_word' id='word_1_286' title='bbox 1499 3753 1648 3851; x_wconf 86' lang='lat' dir='ltr'>sua</span> <span class='ocrx_word' id='word_1_287' title='bbox 1682 3811 1699 3831; x_wconf 91' lang='lat'><strong>.</strong></span> <span class='ocrx_word' id='word_1_288' title='bbox 1775 3756 1996 3834; x_wconf 88' lang='lat' dir='ltr'>Unde</span> <span class='ocrx_word' id='word_1_289' title='bbox 2049 3753 2225 3832; x_wconf 85' lang='lat' dir='ltr'>Psal.</span> 
     </span>
     <span class='ocr_line' id='line_1_49' title="bbox 669 3854 2227 3956; baseline -0.005 -14"><span class='ocrx_word' id='word_1_290' title='bbox 669 3886 947 3942; x_wconf 83' lang='lat' dir='ltr'>cxxxv1</span> <span class='ocrx_word' id='word_1_291' title='bbox 970 3888 998 3937; x_wconf 91' lang='lat'>1</span> <span class='ocrx_word' id='word_1_292' title='bbox 1023 3887 1079 3936; x_wconf 88' lang='lat'>1.</span> <span class='ocrx_word' id='word_1_293' title='bbox 1136 3862 1204 3935; x_wconf 88' lang='lat'>6.</span> <span class='ocrx_word' id='word_1_294' title='bbox 1257 3881 1489 3956; x_wconf 89' lang='lat' dir='ltr'>quum</span> <span class='ocrx_word' id='word_1_295' title='bbox 1540 3856 1862 3933; x_wconf 82' lang='lat' dir='ltr'>diceret:</span> <span class='ocrx_word' id='word_1_296' title='bbox 1922 3854 2227 3935; x_wconf 86' lang='lat' dir='ltr'>Mirabi-</span> 
     </span>
     <span class='ocr_line' id='line_1_50' title="bbox 676 3954 2228 4059; baseline -0.004 -20"><span class='ocrx_word' id='word_1_297' title='bbox 676 3962 774 4040; x_wconf 79' lang='lat' dir='ltr'>lis</span> <span class='ocrx_word' id='word_1_298' title='bbox 815 3958 1028 4058; x_wconf 62' lang='lat' dir='ltr'>sabla</span> <span class='ocrx_word' id='word_1_299' title='bbox 1083 3954 1185 4059; x_wconf 84' lang='lat' dir='ltr'>est</span> <span class='ocrx_word' id='word_1_300' title='bbox 1218 3955 1546 4052; x_wconf 86' lang='lat' dir='ltr'>scientia</span> <span class='ocrx_word' id='word_1_301' title='bbox 1595 3981 1728 4035; x_wconf 83' lang='lat' dir='ltr'>tua</span> <span class='ocrx_word' id='word_1_302' title='bbox 1778 3984 1864 4035; x_wconf 74' lang='lat' dir='ltr'>ex</span> <span class='ocrx_word' id='word_1_303' title='bbox 1884 3984 2001 4034; x_wconf 88' lang='lat' dir='ltr'>me</span> <span class='ocrx_word' id='word_1_304' title='bbox 2027 3983 2044 4032; x_wconf 72' lang='grc' dir='ltr'>ε</span> <span class='ocrx_word' id='word_1_305' title='bbox 2073 3984 2228 4035; x_wconf 90' lang='lat' dir='ltr'>con-</span> 
     </span>
     <span class='ocr_line' id='line_1_51' title="bbox 664 4056 2227 4161; baseline -0.003 -21"><span class='ocrx_word' id='word_1_306' title='bbox 664 4058 958 4161; x_wconf 77' lang='lat' dir='ltr'>fortata</span> <span class='ocrx_word' id='word_1_307' title='bbox 1009 4056 1110 4156; x_wconf 70' lang='lat' dir='ltr'>⁶st</span> <span class='ocrx_word' id='word_1_308' title='bbox 1144 4111 1171 4151; x_wconf 88' lang='lat'>‚</span> <span class='ocrx_word' id='word_1_309' title='bbox 1220 4058 1319 4134; x_wconf 71' lang='lat'>&lt;9-</span> <span class='ocrx_word' id='word_1_310' title='bbox 1372 4085 1515 4133; x_wconf 89' lang='lat' dir='ltr'>non</span> <span class='ocrx_word' id='word_1_311' title='bbox 1559 4076 1814 4157; x_wconf 85' lang='lat' dir='ltr'>potero</span> <span class='ocrx_word' id='word_1_312' title='bbox 1867 4057 1966 4135; x_wconf 81' lang='lat' dir='ltr'>ad</span> <span class='ocrx_word' id='word_1_313' title='bbox 2026 4084 2227 4136; x_wconf 86' lang='lat' dir='ltr'>eam:</span> 
     </span>
     <span class='ocr_line' id='line_1_52' title="bbox 679 4156 2233 4258; baseline -0.003 -18"><span class='ocrx_word' id='word_1_314' title='bbox 679 4177 757 4240; x_wconf 89' lang='lat' dir='ltr'>et</span> <span class='ocrx_word' id='word_1_315' title='bbox 844 4159 1264 4258; x_wconf 79' lang='lat' dir='ltr'>adjungeret</span> <span class='ocrx_word' id='word_1_316' title='bbox 1333 4156 1598 4235; x_wconf 83' lang='lat' dir='ltr'>divinae</span> <span class='ocrx_word' id='word_1_317' title='bbox 1675 4157 2233 4236; x_wconf 80' lang='lat' dir='ltr'>illuminationis</span> 
     </span>
     <span class='ocr_line' id='line_1_53' title="bbox 681 4256 2234 4371; baseline -0.001 -33"><span class='ocrx_word' id='word_1_318' title='bbox 681 4260 1091 4353; x_wconf 86' lang='lat' dir='ltr'>auxilium,</span> <span class='ocrx_word' id='word_1_319' title='bbox 1142 4280 1371 4371; x_wconf 84' lang='lat' dir='ltr'>quum</span> <span class='ocrx_word' id='word_1_320' title='bbox 1422 4257 1659 4336; x_wconf 89' lang='lat' dir='ltr'>dicit:</span> <span class='ocrx_word' id='word_1_321' title='bbox 1721 4268 1885 4336; x_wconf 73' lang='lat' dir='ltr'>Nox</span> <span class='ocrx_word' id='word_1_322' title='bbox 1957 4256 2234 4337; x_wconf 85' lang='lat' dir='ltr'>illumi-</span> 
     </span>
     <span class='ocr_line' id='line_1_54' title="bbox 686 4355 2239 4457; baseline -0.002 -19"><span class='ocrx_word' id='word_1_323' title='bbox 686 4359 893 4438; x_wconf 83' lang='lat' dir='ltr'>natio</span> <span class='ocrx_word' id='word_1_324' title='bbox 944 4386 1107 4436; x_wconf 86' lang='lat' dir='ltr'>mea</span> <span class='ocrx_word' id='word_1_325' title='bbox 1159 4386 1237 4436; x_wconf 72' lang='lat' dir='ltr'>sn</span> <span class='ocrx_word' id='word_1_326' title='bbox 1291 4355 1572 4436; x_wconf 82' lang='lat' dir='ltr'>deliciis</span> <span class='ocrx_word' id='word_1_327' title='bbox 1625 4358 1848 4457; x_wconf 79' lang='lat' dir='ltr'>mei53</span> <span class='ocrx_word' id='word_1_328' title='bbox 1879 4384 1968 4438; x_wconf 89' lang='lat' dir='ltr'>ex</span> <span class='ocrx_word' id='word_1_329' title='bbox 2020 4357 2239 4438; x_wconf 82' lang='lat' dir='ltr'>confi-</span> 
     </span>
     <span class='ocr_line' id='line_1_55' title="bbox 686 4456 2240 4557; baseline -0.001 -18"><span class='ocrx_word' id='word_1_330' title='bbox 686 4458 1063 4539; x_wconf 87' lang='lat' dir='ltr'>deratione</span> <span class='ocrx_word' id='word_1_331' title='bbox 1113 4456 1535 4536; x_wconf 86' lang='lat' dir='ltr'>divinorum</span> <span class='ocrx_word' id='word_1_332' title='bbox 1586 4484 1889 4557; x_wconf 88' lang='lat' dir='ltr'>operum</span> <span class='ocrx_word' id='word_1_333' title='bbox 1943 4460 2013 4535; x_wconf 89' lang='lat' dir='ltr'>se</span> <span class='ocrx_word' id='word_1_334' title='bbox 2044 4461 2240 4539; x_wconf 89' lang='lat' dir='ltr'>adiu-</span> 
     </span>
     <span class='ocr_line' id='line_1_56' title="bbox 688 4557 2243 4660; baseline 0.002 -23"><span class='ocrx_word' id='word_1_335' title='bbox 688 4578 854 4638; x_wconf 90' lang='lat' dir='ltr'>tum</span> <span class='ocrx_word' id='word_1_336' title='bbox 922 4559 1009 4636; x_wconf 90' lang='lat' dir='ltr'>ad</span> <span class='ocrx_word' id='word_1_337' title='bbox 1082 4557 1408 4635; x_wconf 88' lang='lat' dir='ltr'>divinam</span> <span class='ocrx_word' id='word_1_338' title='bbox 1479 4559 1904 4658; x_wconf 87' lang='lat' dir='ltr'>sapientiam</span> <span class='ocrx_word' id='word_1_339' title='bbox 1977 4585 2243 4660; x_wconf 88' lang='lat' dir='ltr'>cogno·</span> 
     </span>
     <span class='ocr_line' id='line_1_57' title="bbox 691 4655 2245 4762; baseline 0.001 -23"><span class='ocrx_word' id='word_1_340' title='bbox 691 4660 1030 4739; x_wconf 85' lang='lat' dir='ltr'>scendam</span> <span class='ocrx_word' id='word_1_341' title='bbox 1081 4655 1464 4737; x_wconf 87' lang='lat' dir='ltr'>confitetur</span> <span class='ocrx_word' id='word_1_342' title='bbox 1491 4712 1519 4753; x_wconf 84' lang='lat'>‚</span> <span class='ocrx_word' id='word_1_343' title='bbox 1570 4659 1813 4762; x_wconf 85' lang='lat' dir='ltr'>dicens</span> <span class='ocrx_word' id='word_1_344' title='bbox 1881 4659 2057 4737; x_wconf 88' lang='lat' dir='ltr'>Psal.</span> <span class='ocrx_word' id='word_1_345' title='bbox 2129 4687 2245 4741; x_wconf 90' lang='lat' dir='ltr'>eo-</span> 
     </span>
     <span class='ocr_line' id='line_1_58' title="bbox 695 4755 2245 4858; baseline 0.001 -18"><span class='ocrx_word' id='word_1_346' title='bbox 695 4763 871 4840; x_wconf 87' lang='lat' dir='ltr'>dem</span> <span class='ocrx_word' id='word_1_347' title='bbox 912 4788 929 4834; x_wconf 89' lang='lat'>:</span> <span class='ocrx_word' id='word_1_348' title='bbox 990 4755 1380 4837; x_wconf 77' lang='lat' dir='ltr'>Mirabilia</span> <span class='ocrx_word' id='word_1_349' title='bbox 1432 4776 1646 4858; x_wconf 83' lang='lat' dir='ltr'>opera</span> <span class='ocrx_word' id='word_1_350' title='bbox 1693 4781 1875 4856; x_wconf 82' lang='lat' dir='ltr'>tua,</span> <span class='ocrx_word' id='word_1_351' title='bbox 1939 4761 2036 4839; x_wconf 66' lang='lat' dir='ltr'>O·</span> <span class='ocrx_word' id='word_1_352' title='bbox 2089 4764 2245 4842; x_wconf 83' lang='lat' dir='ltr'>ani-</span> 
     </span>
     <span class='ocr_line' id='line_1_59' title="bbox 696 4854 1801 4959; baseline -0.007 -17"><span class='ocrx_word' id='word_1_353' title='bbox 696 4887 823 4943; x_wconf 85' lang='lat' dir='ltr'>ma</span> <span class='ocrx_word' id='word_1_354' title='bbox 873 4887 1037 4940; x_wconf 88' lang='lat' dir='ltr'>mea</span> <span class='ocrx_word' id='word_1_355' title='bbox 1095 4854 1454 4959; x_wconf 82' lang='lat' dir='ltr'>cognoscit</span> <span class='ocrx_word' id='word_1_356' title='bbox 1506 4857 1731 4938; x_wconf 86' lang='lat' dir='ltr'>nimis</span> <span class='ocrx_word' id='word_1_357' title='bbox 1781 4914 1801 4934; x_wconf 89' lang='lat'><strong>.</strong></span> 
     </span>
    </p>
   </div>
   <div class='ocr_carea' id='block_1_16' title="bbox 692 5055 2647 5130">
    <p class='ocr_par' dir='ltr' id='par_1_17' title="bbox 692 5055 2647 5130">
     <span class='ocr_line' id='line_1_60' title="bbox 692 5055 2647 5130; baseline 0.004 -15"><span class='ocrx_word' id='word_1_358' title='bbox 692 5055 2647 5130; x_wconf 32' lang='grc' dir='ltr'>*ἡ</span> 
     </span>
    </p>
   </div>
   <div class='ocr_carea' id='block_1_17' title="bbox 1003 5101 1256 5111">
    <p class='ocr_par' dir='ltr' id='par_1_18' title="bbox 1003 5101 1256 5111">
     <span class='ocr_line' id='line_1_61' title="bbox 1003 5101 1256 5111; baseline 0.004 -2"><span class='ocrx_word' id='word_1_359' title='bbox 1003 5101 1080 5111; x_wconf 73' lang='grc' dir='ltr'>-.ι-..-</span> <span class='ocrx_word' id='word_1_360' title='bbox 1130 5102 1158 5110; x_wconf 78' lang='lat'><em>-</em></span> <span class='ocrx_word' id='word_1_361' title='bbox 1239 5101 1256 5110; x_wconf 78' lang='grc' dir='ltr'><strong>ο</strong></span> 
     </span>
    </p>
   </div>
   <div class='ocr_carea' id='block_1_18' title="bbox 691 5099 1337 5191">
    <p class='ocr_par' dir='ltr' id='par_1_19' title="bbox 691 5099 1337 5191">
     <span class='ocr_line' id='line_1_62' title="bbox 691 5099 1337 5191; baseline -0.008 -11"><span class='ocrx_word' id='word_1_362' title='bbox 691 5099 1032 5191; x_wconf 65' lang='lat' dir='ltr'>&#39;&#39;Z-sa,</span> <span class='ocrx_word' id='word_1_363' title='bbox 1070 5103 1285 5190; x_wconf 57' lang='lat' dir='ltr'>spirim</span> <span class='ocrx_word' id='word_1_364' title='bbox 1318 5154 1337 5175; x_wconf 90' lang='lat'><strong>.</strong></span> 
     </span>
    </p>
   </div>
   <div class='ocr_carea' id='block_1_19' title="bbox 2315 2052 3901 4870">
    <p class='ocr_par' dir='ltr' id='par_1_20' title="bbox 2325 2052 3885 2550">
     <span class='ocr_line' id='line_1_63' title="bbox 2332 2052 3885 2160; baseline -0.001 -28"><span class='ocrx_word' id='word_1_365' title='bbox 2332 2052 2702 2132; x_wconf 71' lang='lat' dir='ltr'>divinitas</span> <span class='ocrx_word' id='word_1_366' title='bbox 2758 2109 2776 2127; x_wconf 92' lang='lat'><strong>.</strong></span> <span class='ocrx_word' id='word_1_367' title='bbox 2834 2055 2949 2131; x_wconf 88' lang='lat' dir='ltr'>Ex</span> <span class='ocrx_word' id='word_1_368' title='bbox 3001 2052 3134 2128; x_wconf 88' lang='lat' dir='ltr'>hac</span> <span class='ocrx_word' id='word_1_369' title='bbox 3187 2070 3433 2129; x_wconf 88' lang='lat' dir='ltr'>autem</span> <span class='ocrx_word' id='word_1_370' title='bbox 3466 2052 3885 2160; x_wconf 61' lang='lat' dir='ltr'>admiratio,-</span> 
     </span>
     <span class='ocr_line' id='line_1_64' title="bbox 2326 2152 3879 2250; baseline -0.002 -19"><span class='ocrx_word' id='word_1_371' title='bbox 2326 2178 2419 2231; x_wconf 87' lang='lat' dir='ltr'>ne</span> <span class='ocrx_word' id='word_1_372' title='bbox 2475 2153 2618 2231; x_wconf 89' lang='lat' dir='ltr'>Dei</span> <span class='ocrx_word' id='word_1_373' title='bbox 2673 2152 2900 2229; x_wconf 89' lang='lat' dir='ltr'>timor</span> <span class='ocrx_word' id='word_1_374' title='bbox 2935 2152 3302 2250; x_wconf 89' lang='lat' dir='ltr'>procedit,</span> <span class='ocrx_word' id='word_1_375' title='bbox 3355 2167 3431 2228; x_wconf 88' lang='lat' dir='ltr'>et</span> <span class='ocrx_word' id='word_1_376' title='bbox 3450 2153 3879 2231; x_wconf 87' lang='lat' dir='ltr'>reverentia:</span> 
     </span>
     <span class='ocr_line' id='line_1_65' title="bbox 2332 2250 3885 2353; baseline -0.001 -23"><span class='ocrx_word' id='word_1_377' title='bbox 2332 2255 2520 2330; x_wconf 89' lang='lat' dir='ltr'>unde</span> <span class='ocrx_word' id='word_1_378' title='bbox 2572 2252 2836 2329; x_wconf 91' lang='lat' dir='ltr'>dicitur</span> <span class='ocrx_word' id='word_1_379' title='bbox 2890 2252 3096 2331; x_wconf 87' lang='lat' dir='ltr'>Hier.</span> <span class='ocrx_word' id='word_1_380' title='bbox 3148 2278 3216 2328; x_wconf 86' lang='lat' dir='ltr'>x.</span> <span class='ocrx_word' id='word_1_381' title='bbox 3238 2255 3305 2328; x_wconf 89' lang='lat'>6.</span> <span class='ocrx_word' id='word_1_382' title='bbox 3364 2259 3725 2350; x_wconf 87' lang='lat' dir='ltr'>Magnum</span> <span class='ocrx_word' id='word_1_383' title='bbox 3777 2250 3885 2353; x_wconf 70' lang='lat' dir='ltr'>est</span> 
     </span>
     <span class='ocr_line' id='line_1_66' title="bbox 2326 2347 3881 2452; baseline 0.005 -20"><span class='ocrx_word' id='word_1_384' title='bbox 2326 2380 2585 2432; x_wconf 88' lang='lat' dir='ltr'>nomen</span> <span class='ocrx_word' id='word_1_385' title='bbox 2638 2376 2851 2431; x_wconf 80' lang='lat' dir='ltr'>tuum</span> <span class='ocrx_word' id='word_1_386' title='bbox 2904 2350 2984 2429; x_wconf 89' lang='lat' dir='ltr'>in</span> <span class='ocrx_word' id='word_1_387' title='bbox 3022 2347 3516 2448; x_wconf 70' lang='lat' dir='ltr'>fortitudine:</span> <span class='ocrx_word' id='word_1_388' title='bbox 3538 2352 3701 2452; x_wconf 84' lang='lat' dir='ltr'>quis</span> <span class='ocrx_word' id='word_1_389' title='bbox 3732 2380 3881 2439; x_wconf 63' lang='lat' dir='ltr'>nom</span> 
     </span>
     <span class='ocr_line' id='line_1_67' title="bbox 2325 2449 3516 2550; baseline -0.003 -16"><span class='ocrx_word' id='word_1_390' title='bbox 2325 2453 2621 2536; x_wconf 81' lang='lat' dir='ltr'>timebit</span> <span class='ocrx_word' id='word_1_391' title='bbox 2671 2477 2788 2549; x_wconf 80' lang='lat' dir='ltr'>te,</span> <span class='ocrx_word' id='word_1_392' title='bbox 2838 2481 2878 2529; x_wconf 90' lang='lat' dir='ltr'>o</span> <span class='ocrx_word' id='word_1_393' title='bbox 2934 2462 3092 2532; x_wconf 78' lang='lat' dir='ltr'>Rex</span> <span class='ocrx_word' id='word_1_394' title='bbox 3134 2449 3516 2550; x_wconf 81' lang='lat' dir='ltr'>gentium.</span> 
     </span>
    </p>

    <p class='ocr_par' dir='ltr' id='par_1_21' title="bbox 2315 2552 3901 4870">
     <span class='ocr_line' id='line_1_68' title="bbox 2435 2552 3873 2657; baseline 0.001 -25"><span class='ocrx_word' id='word_1_395' title='bbox 2435 2583 2500 2657; x_wconf 86' lang='lat'>3.</span> <span class='ocrx_word' id='word_1_396' title='bbox 2557 2558 2733 2633; x_wconf 82' lang='lat' dir='ltr'>Haec</span> <span class='ocrx_word' id='word_1_397' title='bbox 2786 2552 3263 2631; x_wconf 86' lang='lat' dir='ltr'>consideratio</span> <span class='ocrx_word' id='word_1_398' title='bbox 3314 2552 3599 2631; x_wconf 81' lang='lat' dir='ltr'>animos</span> <span class='ocrx_word' id='word_1_399' title='bbox 3632 2554 3873 2634; x_wconf 84' lang='lat' dir='ltr'>homi·</span> 
     </span>
     <span class='ocr_line' id='line_1_69' title="bbox 2326 2651 3878 2741; baseline -0.001 -7"><span class='ocrx_word' id='word_1_400' title='bbox 2326 2680 2509 2734; x_wconf 90' lang='lat' dir='ltr'>num</span> <span class='ocrx_word' id='word_1_401' title='bbox 2560 2654 2665 2741; x_wconf 64' lang='lat' dir='ltr'>in⁵</span> <span class='ocrx_word' id='word_1_402' title='bbox 2692 2676 3020 2729; x_wconf 88' lang='lat' dir='ltr'>amorem</span> <span class='ocrx_word' id='word_1_403' title='bbox 3072 2651 3339 2727; x_wconf 86' lang='lat' dir='ltr'>divinae</span> <span class='ocrx_word' id='word_1_404' title='bbox 3377 2653 3725 2730; x_wconf 88' lang='lat' dir='ltr'>bonitatis</span> <span class='ocrx_word' id='word_1_405' title='bbox 3760 2678 3878 2732; x_wconf 83' lang='lat' dir='ltr'>ac·</span> 
     </span>
     <span class='ocr_line' id='line_1_70' title="bbox 2321 2749 3880 2864; baseline -0.001 -33"><span class='ocrx_word' id='word_1_406' title='bbox 2321 2753 2621 2832; x_wconf 81' lang='lat' dir='ltr'>cendit.</span> <span class='ocrx_word' id='word_1_407' title='bbox 2674 2750 3058 2851; x_wconf 88' lang='lat' dir='ltr'>Quidquid</span> <span class='ocrx_word' id='word_1_408' title='bbox 3109 2751 3308 2828; x_wconf 89' lang='lat' dir='ltr'>enim</span> <span class='ocrx_word' id='word_1_409' title='bbox 3361 2749 3769 2848; x_wconf 75' lang='lat' dir='ltr'>bonitatis‚&#39;</span> <span class='ocrx_word' id='word_1_410' title='bbox 3800 2766 3880 2864; x_wconf 65' lang='lat' dir='ltr'>et</span> 
     </span>
     <span class='ocr_line' id='line_1_71' title="bbox 2323 2850 3870 2955; baseline 0.001 -25"><span class='ocrx_word' id='word_1_411' title='bbox 2323 2850 2787 2955; x_wconf 88' lang='lat' dir='ltr'>perfectionis</span> <span class='ocrx_word' id='word_1_412' title='bbox 2843 2852 2921 2928; x_wconf 89' lang='lat' dir='ltr'>in</span> <span class='ocrx_word' id='word_1_413' title='bbox 2973 2850 3264 2931; x_wconf 71' lang='lat' dir='ltr'>diversis</span> <span class='ocrx_word' id='word_1_414' title='bbox 3315 2852 3660 2931; x_wconf 86' lang='lat' dir='ltr'>creaturis</span> <span class='ocrx_word' id='word_1_415' title='bbox 3710 2877 3870 2954; x_wconf 83' lang='lat' dir='ltr'>par-</span> 
     </span>
     <span class='ocr_line' id='line_1_72' title="bbox 2315 2950 3870 3047; baseline 0 -13"><span class='ocrx_word' id='word_1_416' title='bbox 2315 2952 2715 3034; x_wconf 87' lang='lat' dir='ltr'>ticulariter</span> <span class='ocrx_word' id='word_1_417' title='bbox 2766 2950 3226 3030; x_wconf 90' lang='lat' dir='ltr'>distributum</span> <span class='ocrx_word' id='word_1_418' title='bbox 3279 2950 3378 3031; x_wconf 87' lang='lat' dir='ltr'>est</span> <span class='ocrx_word' id='word_1_419' title='bbox 3414 3006 3440 3047; x_wconf 88' lang='lat'>‚</span> <span class='ocrx_word' id='word_1_420' title='bbox 3490 2969 3732 3033; x_wconf 86' lang='lat' dir='ltr'>totum</span> <span class='ocrx_word' id='word_1_421' title='bbox 3786 2954 3870 3034; x_wconf 85' lang='lat' dir='ltr'>in</span> 
     </span>
     <span class='ocr_line' id='line_1_73' title="bbox 2315 3051 3875 3156; baseline 0.003 -23"><span class='ocrx_word' id='word_1_422' title='bbox 2315 3056 2470 3156; x_wconf 90' lang='lat' dir='ltr'>ipso</span> <span class='ocrx_word' id='word_1_423' title='bbox 2519 3052 3022 3131; x_wconf 87' lang='lat' dir='ltr'>universaliter</span> <span class='ocrx_word' id='word_1_424' title='bbox 3070 3051 3169 3129; x_wconf 89' lang='lat' dir='ltr'>est</span> <span class='ocrx_word' id='word_1_425' title='bbox 3221 3055 3643 3154; x_wconf 84' lang='lat' dir='ltr'>adunatum,</span> <span class='ocrx_word' id='word_1_426' title='bbox 3696 3053 3875 3137; x_wconf 84' lang='lat' dir='ltr'>ficut</span> 
     </span>
     <span class='ocr_line' id='line_1_74' title="bbox 2317 3152 3869 3249; baseline 0 -15"><span class='ocrx_word' id='word_1_427' title='bbox 2317 3158 2394 3234; x_wconf 91' lang='lat' dir='ltr'>in</span> <span class='ocrx_word' id='word_1_428' title='bbox 2473 3152 2674 3232; x_wconf 89' lang='lat' dir='ltr'>fonte</span> <span class='ocrx_word' id='word_1_429' title='bbox 2744 3154 2964 3233; x_wconf 88' lang='lat' dir='ltr'>totius</span> <span class='ocrx_word' id='word_1_430' title='bbox 3033 3154 3379 3233; x_wconf 87' lang='lat' dir='ltr'>bonitatis</span> <span class='ocrx_word' id='word_1_431' title='bbox 3420 3209 3447 3249; x_wconf 89' lang='lat'>‚</span> <span class='ocrx_word' id='word_1_432' title='bbox 3514 3174 3597 3235; x_wconf 89' lang='lat' dir='ltr'>ut</span> <span class='ocrx_word' id='word_1_433' title='bbox 3676 3153 3756 3233; x_wconf 89' lang='lat' dir='ltr'>in</span> <span class='ocrx_word' id='word_1_434' title='bbox 3812 3159 3869 3236; x_wconf 89' lang='grc' dir='ltr'>Ι.</span> 
     </span>
     <span class='ocr_line' id='line_1_75' title="bbox 2317 3253 3868 3354; baseline 0 -18"><span class='ocrx_word' id='word_1_435' title='bbox 2317 3258 2547 3336; x_wconf 88' lang='lat' dir='ltr'>Libro</span> <span class='ocrx_word' id='word_1_436' title='bbox 2597 3255 2623 3351; x_wconf 98' lang='lat'>(</span> <span class='ocrx_word' id='word_1_437' title='bbox 2677 3280 2832 3351; x_wconf 88' lang='lat' dir='ltr'>cap.</span> <span class='ocrx_word' id='word_1_438' title='bbox 2885 3280 3206 3334; x_wconf 85' lang='lat' dir='ltr'>xxv111.</span> <span class='ocrx_word' id='word_1_439' title='bbox 3252 3256 3280 3354; x_wconf 93' lang='lat'>)</span> <span class='ocrx_word' id='word_1_440' title='bbox 3330 3253 3689 3335; x_wconf 89' lang='lat' dir='ltr'>ostensum</span> <span class='ocrx_word' id='word_1_441' title='bbox 3742 3255 3868 3337; x_wconf 85' lang='lat' dir='ltr'>est.</span> 
     </span>
     <span class='ocr_line' id='line_1_76' title="bbox 2322 3356 3873 3456; baseline 0.001 -22"><span class='ocrx_word' id='word_1_442' title='bbox 2322 3357 2397 3435; x_wconf 91' lang='lat' dir='ltr'>Si</span> <span class='ocrx_word' id='word_1_443' title='bbox 2455 3356 2678 3453; x_wconf 87' lang='lat' dir='ltr'>igitur</span> <span class='ocrx_word' id='word_1_444' title='bbox 2744 3376 3232 3434; x_wconf 88' lang='lat' dir='ltr'>creaturarum</span> <span class='ocrx_word' id='word_1_445' title='bbox 3303 3356 3638 3453; x_wconf 83' lang='lat' dir='ltr'>bonitas,</span> <span class='ocrx_word' id='word_1_446' title='bbox 3713 3357 3873 3456; x_wconf 89' lang='lat' dir='ltr'>pul-</span> 
     </span>
     <span class='ocr_line' id='line_1_77' title="bbox 2319 3455 3871 3550; baseline 0.002 -17"><span class='ocrx_word' id='word_1_447' title='bbox 2319 3455 2665 3550; x_wconf 72' lang='lat' dir='ltr'>chritudo¹</span> <span class='ocrx_word' id='word_1_448' title='bbox 2705 3472 2780 3530; x_wconf 91' lang='lat' dir='ltr'>et</span> <span class='ocrx_word' id='word_1_449' title='bbox 2832 3455 3146 3535; x_wconf 87' lang='lat' dir='ltr'>suavitas</span> <span class='ocrx_word' id='word_1_450' title='bbox 3169 3455 3259 3536; x_wconf 79' lang='lat' dir='ltr'>lic</span> <span class='ocrx_word' id='word_1_451' title='bbox 3292 3456 3579 3535; x_wconf 80' lang='lat' dir='ltr'>animos</span> <span class='ocrx_word' id='word_1_452' title='bbox 3630 3457 3871 3536; x_wconf 88' lang='lat' dir='ltr'>homi-</span> 
     </span>
     <span class='ocr_line' id='line_1_78' title="bbox 2325 3552 3875 3660; baseline 0.003 -27"><span class='ocrx_word' id='word_1_453' title='bbox 2325 3580 2507 3633; x_wconf 87' lang='lat' dir='ltr'>num</span> <span class='ocrx_word' id='word_1_454' title='bbox 2559 3552 2828 3647; x_wconf 75' lang='lat' dir='ltr'>allicit5</span> <span class='ocrx_word' id='word_1_455' title='bbox 2882 3554 3093 3653; x_wconf 86' lang='lat' dir='ltr'>ipsius</span> <span class='ocrx_word' id='word_1_456' title='bbox 3134 3559 3272 3635; x_wconf 89' lang='lat' dir='ltr'>Dei</span> <span class='ocrx_word' id='word_1_457' title='bbox 3312 3555 3472 3660; x_wconf 88' lang='lat' dir='ltr'>fons</span> <span class='ocrx_word' id='word_1_458' title='bbox 3494 3556 3875 3655; x_wconf 83' lang='lat' dir='ltr'>bonitatis,</span> 
     </span>
     <span class='ocr_line' id='line_1_79' title="bbox 2324 3654 3873 3757; baseline 0.003 -25"><span class='ocrx_word' id='word_1_459' title='bbox 2324 3654 2578 3735; x_wconf 88' lang='lat' dir='ltr'>rivulis</span> <span class='ocrx_word' id='word_1_460' title='bbox 2631 3654 3047 3734; x_wconf 88' lang='lat' dir='ltr'>bonitatum</span> <span class='ocrx_word' id='word_1_461' title='bbox 3102 3655 3181 3735; x_wconf 90' lang='lat' dir='ltr'>in</span> <span class='ocrx_word' id='word_1_462' title='bbox 3232 3657 3528 3757; x_wconf 76' lang='lat' dir='ltr'>singulis</span> <span class='ocrx_word' id='word_1_463' title='bbox 3594 3670 3873 3738; x_wconf 83' lang='lat' dir='ltr'>creatu-</span> 
     </span>
     <span class='ocr_line' id='line_1_80' title="bbox 2328 3756 3878 3859; baseline 0.003 -25"><span class='ocrx_word' id='word_1_464' title='bbox 2328 3757 2425 3835; x_wconf 88' lang='lat' dir='ltr'>ris</span> <span class='ocrx_word' id='word_1_465' title='bbox 2476 3756 2772 3855; x_wconf 89' lang='lat' dir='ltr'>repertis</span> <span class='ocrx_word' id='word_1_466' title='bbox 2792 3756 3181 3856; x_wconf 88' lang='lat' dir='ltr'>diligenter</span> <span class='ocrx_word' id='word_1_467' title='bbox 3212 3775 3668 3859; x_wconf 87' lang='lat' dir='ltr'>comparata‚</span> <span class='ocrx_word' id='word_1_468' title='bbox 3721 3757 3878 3838; x_wconf 76' lang='lat' dir='ltr'>ani·-</span> 
     </span>
     <span class='ocr_line' id='line_1_81' title="bbox 2328 3856 3882 3942; baseline 0.002 -5"><span class='ocrx_word' id='word_1_469' title='bbox 2328 3884 2489 3937; x_wconf 88' lang='lat' dir='ltr'>mos</span> <span class='ocrx_word' id='word_1_470' title='bbox 2542 3856 2928 3936; x_wconf 89' lang='lat' dir='ltr'>hominum</span> <span class='ocrx_word' id='word_1_471' title='bbox 2999 3857 3521 3941; x_wconf 83' lang='lat' dir='ltr'>inflammatos·</span> <span class='ocrx_word' id='word_1_472' title='bbox 3558 3860 3882 3942; x_wconf 83' lang='lat' dir='ltr'>totaliter</span> 
     </span>
     <span class='ocr_line' id='line_1_82' title="bbox 2330 3957 3879 4057; baseline 0 -21"><span class='ocrx_word' id='word_1_473' title='bbox 2330 3960 2418 4036; x_wconf 91' lang='lat' dir='ltr'>ad</span> <span class='ocrx_word' id='word_1_474' title='bbox 2476 3957 2544 4036; x_wconf 90' lang='lat' dir='ltr'>se</span> <span class='ocrx_word' id='word_1_475' title='bbox 2596 3962 2831 4040; x_wconf 88' lang='lat' dir='ltr'>trahet</span> <span class='ocrx_word' id='word_1_476' title='bbox 2884 3987 2901 4037; x_wconf 74' lang='grc' dir='ltr'><strong><em>ε</em></strong></span> <span class='ocrx_word' id='word_1_477' title='bbox 2959 3961 3145 4037; x_wconf 89' lang='lat' dir='ltr'>unde</span> <span class='ocrx_word' id='word_1_478' title='bbox 3198 3962 3275 4038; x_wconf 92' lang='lat' dir='ltr'>in</span> <span class='ocrx_word' id='word_1_479' title='bbox 3346 3963 3523 4040; x_wconf 88' lang='lat' dir='ltr'>Psal.</span> <span class='ocrx_word' id='word_1_480' title='bbox 3591 3989 3752 4041; x_wconf 85' lang='lat' dir='ltr'>xc1.</span> <span class='ocrx_word' id='word_1_481' title='bbox 3816 3969 3879 4057; x_wconf 79' lang='grc' dir='ltr'>ς’.</span> 
     </span>
     <span class='ocr_line' id='line_1_83' title="bbox 2331 4057 3884 4158; baseline 0.001 -22"><span class='ocrx_word' id='word_1_482' title='bbox 2331 4059 2599 4137; x_wconf 86' lang='lat' dir='ltr'>dicitur</span> <span class='ocrx_word' id='word_1_483' title='bbox 2651 4088 2667 4132; x_wconf 91' lang='lat'><strong>:</strong></span> <span class='ocrx_word' id='word_1_484' title='bbox 2751 4057 3150 4158; x_wconf 67' lang='lat' dir='ltr'>Delec‘lasti</span> <span class='ocrx_word' id='word_1_485' title='bbox 3224 4090 3341 4139; x_wconf 86' lang='lat' dir='ltr'>me</span> <span class='ocrx_word' id='word_1_486' title='bbox 3410 4060 3730 4140; x_wconf 80' lang='lat' dir='ltr'>Domine</span> <span class='ocrx_word' id='word_1_487' title='bbox 3797 4063 3884 4142; x_wconf 84' lang='lat' dir='ltr'>in</span> 
     </span>
     <span class='ocr_line' id='line_1_84' title="bbox 2319 4155 3885 4270; baseline 0.001 -35"><span class='ocrx_word' id='word_1_488' title='bbox 2319 4155 2625 4257; x_wconf 71' lang='lat' dir='ltr'>fafiura</span> <span class='ocrx_word' id='word_1_489' title='bbox 2675 4181 2855 4256; x_wconf 81' lang='lat' dir='ltr'>tua,</span> <span class='ocrx_word' id='word_1_490' title='bbox 2905 4160 3004 4239; x_wconf 54' lang='lat'>&lt;9</span> <span class='ocrx_word' id='word_1_491' title='bbox 3059 4159 3139 4240; x_wconf 90' lang='lat' dir='ltr'>in</span> <span class='ocrx_word' id='word_1_492' title='bbox 3193 4159 3517 4239; x_wconf 82' lang='lat' dir='ltr'>omnibus</span> <span class='ocrx_word' id='word_1_493' title='bbox 3554 4158 3885 4270; x_wconf 52' lang='lat' dir='ltr'>operibus</span> 
     </span>
     <span class='ocr_line' id='line_1_85' title="bbox 2339 4258 3890 4344; baseline 0.001 -5"><span class='ocrx_word' id='word_1_494' title='bbox 2339 4286 2688 4339; x_wconf 87' lang='lat' dir='ltr'>manuum</span> <span class='ocrx_word' id='word_1_495' title='bbox 2739 4284 3035 4340; x_wconf 86' lang='lat' dir='ltr'>tuarum</span> <span class='ocrx_word' id='word_1_496' title='bbox 3115 4258 3447 4340; x_wconf 77' lang='lat' dir='ltr'>exultabo</span> <span class='ocrx_word' id='word_1_497' title='bbox 3500 4289 3517 4334; x_wconf 73' lang='grc' dir='ltr'><strong><em>ε</em></strong></span> <span class='ocrx_word' id='word_1_498' title='bbox 3575 4276 3653 4339; x_wconf 86' lang='lat' dir='ltr'>et</span> <span class='ocrx_word' id='word_1_499' title='bbox 3702 4261 3890 4344; x_wconf 81' lang='lat' dir='ltr'>alibi</span> 
     </span>
     <span class='ocr_line' id='line_1_86' title="bbox 2344 4358 3889 4457; baseline 0.001 -17"><span class='ocrx_word' id='word_1_500' title='bbox 2344 4362 2433 4440; x_wconf 86' lang='lat' dir='ltr'>de</span> <span class='ocrx_word' id='word_1_501' title='bbox 2484 4358 2656 4442; x_wconf 89' lang='lat' dir='ltr'>filiis</span> <span class='ocrx_word' id='word_1_502' title='bbox 2690 4362 3075 4440; x_wconf 89' lang='lat' dir='ltr'>hominum</span> <span class='ocrx_word' id='word_1_503' title='bbox 3102 4361 3418 4457; x_wconf 82' lang='lat' dir='ltr'>dicitur,</span> <span class='ocrx_word' id='word_1_504' title='bbox 3470 4362 3647 4442; x_wconf 88' lang='lat' dir='ltr'>Psal.</span> <span class='ocrx_word' id='word_1_505' title='bbox 3672 4372 3889 4444; x_wconf 58' lang='lat' dir='ltr'>xxxv.</span> 
     </span>
     <span class='ocr_line' id='line_1_87' title="bbox 2349 4462 3898 4561; baseline 0.003 -23"><span class='ocrx_word' id='word_1_506' title='bbox 2349 4489 2415 4561; x_wconf 86' lang='lat'>9.</span> <span class='ocrx_word' id='word_1_507' title='bbox 2468 4462 3024 4542; x_wconf 84' lang='lat' dir='ltr'>Inebriabuntur</span> <span class='ocrx_word' id='word_1_508' title='bbox 3091 4468 3178 4541; x_wconf 82' lang='lat' dir='ltr'>ab</span> <span class='ocrx_word' id='word_1_509' title='bbox 3249 4466 3576 4545; x_wconf 74' lang='lat' dir='ltr'>ubertate</span> <span class='ocrx_word' id='word_1_510' title='bbox 3642 4466 3898 4550; x_wconf 77' lang='lat' dir='ltr'>domus</span> 
     </span>
     <span class='ocr_line' id='line_1_88' title="bbox 2346 4564 3900 4665; baseline 0.002 -23"><span class='ocrx_word' id='word_1_511' title='bbox 2346 4587 2490 4643; x_wconf 84' lang='lat' dir='ltr'>tuae</span> <span class='ocrx_word' id='word_1_512' title='bbox 2511 4623 2538 4662; x_wconf 85' lang='lat'>,</span> <span class='ocrx_word' id='word_1_513' title='bbox 2588 4565 2779 4665; x_wconf 76' lang='lat' dir='ltr'>quasi</span> <span class='ocrx_word' id='word_1_514' title='bbox 2811 4564 3034 4643; x_wconf 89' lang='lat' dir='ltr'>totius</span> <span class='ocrx_word' id='word_1_515' title='bbox 3068 4581 3453 4662; x_wconf 67' lang='lat' dir='ltr'>creatum,</span> <span class='ocrx_word' id='word_1_516' title='bbox 3503 4573 3579 4645; x_wconf 85' lang='lat' dir='ltr'>et</span> <span class='ocrx_word' id='word_1_517' title='bbox 3628 4565 3724 4645; x_wconf 85' lang='lat' dir='ltr'>fic</span> <span class='ocrx_word' id='word_1_518' title='bbox 3752 4587 3900 4645; x_wconf 82' lang='lat' dir='ltr'>tor-</span> 
     </span>
     <span class='ocr_line' id='line_1_89' title="bbox 2347 4665 3898 4777; baseline 0.003 -35"><span class='ocrx_word' id='word_1_519' title='bbox 2347 4686 2555 4777; x_wconf 78' lang='lat' dir='ltr'>rente</span> <span class='ocrx_word' id='word_1_520' title='bbox 2589 4665 2998 4764; x_wconf 82' lang='lat' dir='ltr'>voluptatis</span> <span class='ocrx_word' id='word_1_521' title='bbox 3021 4689 3164 4746; x_wconf 82' lang='lat' dir='ltr'>tuae</span> <span class='ocrx_word' id='word_1_522' title='bbox 3240 4670 3466 4749; x_wconf 82' lang='lat' dir='ltr'>otabis</span> <span class='ocrx_word' id='word_1_523' title='bbox 3517 4695 3678 4764; x_wconf 85' lang='lat' dir='ltr'>eos,</span> <span class='ocrx_word' id='word_1_524' title='bbox 3729 4694 3898 4767; x_wconf 85' lang='lat' dir='ltr'>quo·</span> 
     </span>
     <span class='ocr_line' id='line_1_90' title="bbox 2356 4688 3901 4870; baseline 0.006 -29"><span class='ocrx_word' id='word_1_525' title='bbox 2356 4786 2560 4842; x_wconf 84' lang='lat' dir='ltr'>mam</span> <span class='ocrx_word' id='word_1_526' title='bbox 2613 4768 2809 4865; x_wconf 78' lang='lat' dir='ltr'>apud</span> <span class='ocrx_word' id='word_1_527' title='bbox 2857 4790 2936 4847; x_wconf 81' lang='lat' dir='ltr'>te</span> <span class='ocrx_word' id='word_1_528' title='bbox 2984 4764 3086 4865; x_wconf 69' lang='lat' dir='ltr'>eli</span> <span class='ocrx_word' id='word_1_529' title='bbox 3123 4688 3298 4863; x_wconf 65' lang='lat' dir='ltr'>fiiis</span> <span class='ocrx_word' id='word_1_530' title='bbox 3347 4767 3586 4848; x_wconf 82' lang='lat' dir='ltr'>vitae:</span> <span class='ocrx_word' id='word_1_531' title='bbox 3640 4785 3715 4847; x_wconf 88' lang='lat' dir='ltr'>et</span> <span class='ocrx_word' id='word_1_532' title='bbox 3740 4773 3901 4870; x_wconf 76' lang='lat' dir='ltr'>Sap.</span> 
     </span>
    </p>
   </div>
   <div class='ocr_carea' id='block_1_20' title="bbox 2349 4868 3910 5055">
    <p class='ocr_par' dir='ltr' id='par_1_22' title="bbox 2349 4868 3910 5055">
     <span class='ocr_line' id='line_1_91' title="bbox 2349 4868 3907 5048; baseline 0.001 -103"><span class='ocrx_word' id='word_1_533' title='bbox 2349 4890 2573 4946; x_wconf 87' lang='lat' dir='ltr'>x111.</span> <span class='ocrx_word' id='word_1_534' title='bbox 2626 4868 2891 4950; x_wconf 85' lang='lat' dir='ltr'>dicitur</span> <span class='ocrx_word' id='word_1_535' title='bbox 2938 4887 3191 4951; x_wconf 88' lang='lat' dir='ltr'>contra</span> <span class='ocrx_word' id='word_1_536' title='bbox 3240 4868 3747 4972; x_wconf 82' lang='lat' dir='ltr'>quosdam:(b)</span> <span class='ocrx_word' id='word_1_537' title='bbox 3785 4876 3907 5048; x_wconf 57' lang='grc' dir='ltr'>ἷξε</span> 
     </span>
     <span class='ocr_line' id='line_1_92' title="bbox 3841 4996 3910 5055; baseline 0.101 -7"><span class='ocrx_word' id='word_1_538' title='bbox 3841 4996 3910 5055; x_wconf 71' lang='grc'>13</span> 
     </span>
    </p>
   </div>
   <div class='ocr_carea' id='block_1_21' title="bbox 2659 5061 3759 5101">
    <p class='ocr_par' dir='ltr' id='par_1_23' title="bbox 2659 5061 3759 5101">
     <span class='ocr_line' id='line_1_93' title="bbox 2659 5061 3759 5101; baseline 0 0"><span class='ocrx_word' id='word_1_539' title='bbox 2659 5061 3759 5101; x_wconf 95' lang='lat' dir='ltr'> </span> 
     </span>
    </p>
   </div>
   <div class='ocr_carea' id='block_1_22' title="bbox 2426 5110 3199 5210">
    <p class='ocr_par' dir='ltr' id='par_1_24' title="bbox 2426 5110 3199 5210">
     <span class='ocr_line' id='line_1_94' title="bbox 2426 5110 3199 5210; baseline 0.006 -21"><span class='ocrx_word' id='word_1_540' title='bbox 2426 5132 2522 5200; x_wconf 73' lang='lat' dir='ltr'>(b)</span> <span class='ocrx_word' id='word_1_541' title='bbox 2558 5110 2823 5210; x_wconf 54' lang='lat' dir='ltr'>iiim:</span> <span class='ocrx_word' id='word_1_542' title='bbox 2860 5140 2941 5191; x_wconf 75' lang='lat' dir='ltr'>Do</span> <span class='ocrx_word' id='word_1_543' title='bbox 2973 5137 3059 5194; x_wconf 69' lang='lat' dir='ltr'>his</span> <span class='ocrx_word' id='word_1_544' title='bbox 3092 5133 3199 5194; x_wconf 64' lang='grc' dir='ltr'>σε.</span> 
     </span>
    </p>
   </div>
  </div>
 </body>
</html>
