4597 5696
1269 385 1860 452 CONTRA
1944 382 3039 450 or-:N‘rrersria
3129 345 3225 449 1r.
3737 404 3851 463 253

600 512 674 595 3<
727 507 1138 588 intelleRus
1190 509 1543 608 possibilis
1591 567 1607 584 .
1681 512 1909 611 Supra
1964 508 2166 587 enim
2271 506 2949 607 incorruptibilem.
3010 505 3288 585 Anima
3322 516 3571 584 autem
3595 503 3842 585 homi-

602 614 633 712 ί
687 631 864 710 text,
918 637 1108 690 corn.
1165 637 1333 688 x1v.
1393 612 1419 705 )
1503 611 1692 689 dixit
1744 614 1832 688 de
1885 608 2166 688 intelle·
2270 609 2386 687 nis
2441 607 2537 685 est
2593 611 2923 707 quaedam
2957 607 3344 687 substantia
3388 601 3844 687 intellefflua-

599 714 726 794 &u
777 711 1139 813 poffibili‚
1192 712 1387 811 quod
1423 739 1565 787 non
1603 712 1899 825 semper
1950 710 2165 790 intel·
2268 710 2522 803 lis‚ut
2543 710 3408 808 ostensumest.0portet
3433 707 3660 806 igitur
3683 709 3854 789 ani--

599 808 834 914 tigit,
871 812 1013 906 sled
1068 813 1500 909 quandoque
1552 842 1695 891 non
1752 810 2166 910 tntelligit‚
2268 837 2475 889 mam
2523 812 2925 889 humanam
2984 808 3618 910 incorruptibilem
3655 812 3841 889 else.

602 916 901 1017 quando
956 914 1232 992 scilicet
1284 913 1384 991 est
1440 917 1516 991 in
1555 916 1882 1015 potentia
1933 917 2026 992 ad
2067 914 2173 992 in·
2357 942 2450 1012 ‚2.
2510 914 2776 995 Adhuc
2822 972 2841 989 .
2901 912 3131 992 Nulla
3183 937 3293 990 res
3346 936 3640 990 corrum
3698 911 3840 991 itur

577 1015 1028 1112 ·telligibilia
1096 1042 1121 1107 ς
1212 1018 1640 1112 quandoque
1736 1014 2107 1112 intelligit
2143 1076 2173 1112 ,
2274 1040 2364 1092 ex
2422 1041 2512 1093 eo
2566 1016 2642 1091 in
2693 1042 2845 1115 quo
2894 1013 3210 1092 consistit
3261 1012 3382 1091 sua
3425 1013 3622 1113 perse
3703 1014 3834 1093 io:

2272 1115 2382 1193 hae
2428 1116 2630 1194 enim
2685 1118 3128 1194 mutationes
3186 1116 3345 1193 sunt
3420 1117 3846 1210 contrariae,

2279 1218 2556 1296 scilicet
2607 1221 2696 1296 ad
2751 1215 3278 1317 perfeffionem
3332 1270 3358 1311 ,
3428 1217 3499 1293 8<
3552 1220 3642 1295 ad
3693 1244 3850 1296 cor-

2270 1320 2747 1418 ruptionem.
2823 1316 3181 1397 Perfeffio
3252 1335 3503 1396 autem
3576 1314 3870 1397 animae‘

2271 1421 2610 1499 humanae
2663 1417 2978 1499 consistit
3031 1420 3108 1497 in
3148 1417 3847 1520 abstrafflonequa-

2414 1548 2444 1598 ι
2498 1548 2540 1599 a
2591 1547 2895 1621 corpore
2936 1549 2952 1598 τ
3007 1521 3376 1621 perficitur
3430 1521 3634 1600 enim
3686 1521 3843 1599 ani·

2448 1623 2746 1703 scientia
2786 1677 2810 1716 ‚
2883 1624 2957 1701 8<
3024 1623 3296 1702 virtute
3350 1650 3372 1713 ς
3445 1622 3851 1701 fecundum>

2422 1726 2657 1804 ntiam
2709 1742 2954 1804 autern
3015 1742 3220 1804 tanto
3273 1724 3510 1821 magis
3563 1723 3843 1822 perfici·

2414 1882 2436 1921 ‚
2487 1841 2763 1925 quanto
2818 1826 3055 1924 magis
3094 1824 3613 1903 immaterialia
3664 1850 3840 1903 con-

2414 1947 2570 2005 rat:
2627 1926 2920 2013 virtutis
2969 1943 3216 2006 autem
3259 1921 3614 2027 pert'effio
3663 1951 3835 2005 con-

2416 2047 2447 2108 t
2500 2030 2578 2106 in
2632 2028 2769 2106 hoc
2810 2031 3008 2127 quod
3041 2031 3268 2108 homo
3316 2026 3644 2127 corporis
3683 2025 3838 2128 pas·

2414 2155 2500 2207 ies
2552 2155 2702 2207 non
2755 2130 3090 2208 seouatur
3127 2184 3152 2225 ‚
3228 2128 3345 2209 sed
3421 2154 3542 2208 eas
3594 2128 3838 2210 secun-

2414 2257 2451 2310 τι
3086 2248 3321 2331 peret,
3376 2232 3449 2309 8<
3489 2228 3834 2309 refrenet.

2414 2357 2458 2409 n
3086 2359 3132 2411 o
3195 2333 3462 2413 animae
3515 2330 3838 2412 consistit

2414 2431 2457 2511 h
3072 2459 3246 2534 pore
3299 2435 3664 2533 separetur.
3686 2490 3706 2510 .

2414 2568 2446 2627 ς.
2501 2534 2577 2616 Si
2623 2530 2880 2613 autern
2930 2537 3278 2631 dicatur}
3417 2536 3559 2614 uod
3613 2530 3843 2633 perfe-

2414 2666 2426 2710 ι
2492 2636 2760 2713 animae
2830 2634 3149 2714 confistit
3233 2638 3318 2715 in
3415 2636 3842 2735 eparatione

2414 2760 2427 2811 ς
2466 2759 2829 2832 acorpore
2865 2734 3258 2814 secundum
3299 2735 3840 2835 operationem,

2420 2834 2821 2935 ,corruptio
2889 2857 3140 2916 autem
3236 2838 3316 2915 in
3387 2836 3842 2938 separatione

2414 2938 2665 3020 undum
2703 2936 2887 3027 eise3
2938 2964 3088 3017 non
3126 2940 3654 3019 convenienter
3707 2945 3875 3020 ob»

2190 3088 2204 3124 ,ί
2414 3057 2512 3118 :ur
2550 3095 2568 3115 .
2646 3039 3009 3136 Operatio
3077 3042 3283 3120 enim
3358 3042 3465 3121 rei
3538 3044 3845 3124 demon·

2190 3168 2203 3216 ς
2414 3159 2445 3221 t·
2488 3139 2952 3221 substantiam
3006 3141 3080 3222 8<
3130 3143 3597 3244 essefipfius:
3715 3145 3840 3224 uia

2190 3283 2196 3292 ·
2414 3267 2500 3320 lm
2518 3244 2848 3341 quodque
2929 3262 3268 3344 operatur
3322 3299 3349 3342 ‚
3441 3246 3657 3324 secun
3707 3269 3842 3324 um

2414 3345 2477 3421 »d
2528 3344 2626 3421 est
2677 3370 2851 3438 επις,
2898 3347 2973 3423 ·&
3011 3346 3301 3446 propria
3350 3346 3680 3445 operatio
3731 3346 3848 3426 rei

2414 3445 2604 3524 uitur
2699 3444 3077 3545 ‘propriam
3174 3445 3390 3544 ipsms
3468 3464 3842 3525 naturam.

2414 3568 2465 3622 n
2563 3544 2791 3644 potest
2865 3546 3094 3644 igitur
3182 3545 3435 3648 perfici
3512 3549 3848 3647 operatio

2414 3645 2585 3740 :ujus
2639 3650 2786 3741 rei,
2838 3647 2972 3725 nifi
3025 3649 3411 3728 secundum
3465 3651 3661 3750 quod
3687 3672 3848 3750 per-

2414 3767 2524 3838 tur
2573 3748 2724 3844 eius
2774 3749 3163 3830 substantia
3197 3808 3215 3826 .
3287 3751 3363 3829 Si
3421 3751 3644 3851 igitur
3693 3748 3849 3831 ani·

2415 3849 2847 3930 secundum
2900 3851 3406 3953 operationem
3437 3857 3641 3934 suam
3691 3875 3850 3954 per-

2414 3969 2529 4033 tur
2582 3954 2660 4032 in
2698 3954 3178 4054 relinquendo
3209 3979 3516 4054 corpus,
3567 3954 3642 4034 8<
3691 3977 3850 4033 cor-

2414 4078 2506 4132 ea
2557 4053 2944 4136 substantia
2995 4056 3116 4134 sua
3196 4055 3274 4133 in
3327 4058 3463 4134 effe
3518 4053 3643 4134 suo
3691 4077 3849 4134 non

2414 4154 2581 4235 iciet
2651 4180 2781 4260 per
2846 4159 2990 4238 hoc
3043 4157 3243 4259 quod
3291 4183 3339 4234 a
3386 4180 3694 4259 corpore
3745 4157 3851 4236 se·

2414 4276 2647 4339 fitur.¹⁴
2939 4322 2944 4327 .
3474 4300 3481 4306 ·
3842 4307 3855 4321 ·

916 4345 970 4403 Ῑ·
1016 4344 1179 4404 Pm-
1225 4340 1407 4422 ΜΨ·
1457 4342 1623 4407 lxxv.
1666 4365 1782 4411 m.
1824 4362 1891 4424 7·
2202 4364 2204 4367 ’
2414 4383 2466 4460 ς.
2532 4364 2718 4442 Item
2877 4358 3267 4463 Proprium
3366 4357 3857 4461 perfefflvum

616 4461 852 4651 EX
895 4464 1257 4562 praemiffis
1286 4462 1511 4563 igitur
1540 4461 1917 4541 manifeste
1951 4463 2192 4543 osten·
2414 4462 2618 4544 niuis
2669 4463 3059 4543 secundum
3111 4464 3443 4542 animam
3495 4520 3522 4556 ‚
3573 4465 3672 4543 est
3725 4464 3859 4545 ali-

831 4565 905 4642 di
979 4563 1205 4663 potest
1258 4618 1283 4659 ‚
1369 4567 1701 4643 animam
1774 4565 2185 4643 humanam·
2282 4565 2469 4667 quid
2523 4564 3126 4683 incorruptibile:
3181 4568 3475 4668 propria
3527 4567 3730 4648 enirn
3781 4593 3860 4646 o-

611 4691 772 4747 non
822 4667 1197 4765 corrumpi
1236 4688 1582 4767 corrupto
1628 4689 1975 4765 corpore.
2285 4667 2573 4768 petatio
2628 4666 2954 4757 hominis
3005 4720 3035 4765 ‚
3105 4668 3541 4770 inquantum
3618 4665 3858 4764 hujuc-

732 4793 793 4843 1.
848 4765 1245 4846 ostensum
1317 4767 1416 4845 est
1486 4767 1689 4845 enim
1762 4767 1971 4866 supra
2013 4822 2041 4864 ‚
2106 4795 2207 4855 o-,
2288 4768 2544 4864 modi,
2594 4768 2693 4848 est
2726 4769 3194 4873 intelligere,
3248 4795 3374 4870 per
3413 4772 3599 4851 hanc
3653 4769 3860 4855 enim

618 4887 881 4950 mnem
933 4867 1398 4951 substantiam
1437 4867 2016 4953 intellectualem
2048 4872 2186 4949 effe
2287 4866 2532 4952 differt
2580 4899 2625 4952 a
2676 4871 2912 4955 brutis
2963 4926 2991 4970 ,
3057 4871 3143 4964 δε,
3181 4870 3450 4976 plantis
3490 4924 3520 4968 ,
3584 4871 3658 4950 8(
3711 4871 3876 4993 ina-

549 5007 556 5013 .
636 5007 643 5013 ,
2111 5009 2116 5014 ,
2808 5025 2812 5028 .
3382 5020 3390 5026 -
3767 4998 3882 5054 nr.

643 4102 674 4119 -·
724 4090 1011 4120 MJ'ZP-Lst‘c
1053 4090 1392 4119 ·-.·lt⁴³·-⁸-
1465 4090 1570 4113 μ’.
1749 4105 1755 4111 ,
1812 4098 1817 4111 »

621 4127 802 4215 Quod
837 4128 1034 4192 anima
1072 4127 1335 4194 humana·
1360 4177 1378 4206 ‚
1447 4147 1694 4225 corrupto
1743 4123 1957 4214 ⁴empore
1991 4175 2015 4208 9
2074 4151 2185 4196 non

651 4254 654 4257 «
1226 4229 1625 4293 corrumpam.

692 5110 798 5203 δῖ
821 5137 906 5192 ΑΙ.
942 5116 1266 5208 corruptioni
1279 5149 1297 5169 ·
1418 5150 1422 5154 ·
