4597 5696
1226 402 1892 469 .coN'r1tA
1975 405 2722 473 GENTxLEs
2804 406 3051 472 th.
3135 407 3195 472 1.

907 520 1314 601 sanativum
1367 521 1466 598 est
1518 519 1716 618 prius
1766 519 2018 599 ordine
2070 521 2207 619 rei,

658 523 1102 705 ffifflnimal
1154 623 1421 701 dicitur
1454 620 1649 719 prius
1678 620 1928 699 sanum
1966 622 2204 701 secun-
2272 676 2300 687 -·

655 730 837 805 dum
922 722 1250 801 nominis
1335 721 1695 799 rationem
1741 778 1759 796 .
1814 722 1931 802 Sic
1984 722 2210 821 igitur

656 826 839 941 quia
890 847 979 900 ex
1031 825 1243 900 rebus
1293 822 1457 898 aliis
1509 820 1589 897 in
1643 822 1788 898 Dei
1840 823 2205 919 cognitio·

657 949 835 1005 nem
886 924 1352 1021 pervenimus
1385 976 1410 1016 ‚
1485 944 1594 1000 res
1672 922 2063 999 nominum
2114 926 2203 1002 de

661 1031 832 1105 Deo
856 1076 883 1116 ‚
934 1023 1005 1099 8(
1030 1026 1239 1100 rebus
1260 1023 1422 1100 aliis
1443 1021 1807 1098 dictorum
1849 1046 1977 1121 per
2003 1024 2201 1122 prius

659 1123 759 1202 est
815 1124 893 1199 in
948 1125 1115 1200 Deo
1165 1122 1551 1200 secundum
1607 1121 1814 1198 suum
1865 1125 2198 1219 modum,

660 1225 780 1301 sed
830 1222 1023 1299 ratio
1071 1224 1394 1300 nominis
1444 1245 1572 1320 per
1622 1221 2017 1321 posterius:
2067 1248 2193 1300 un-

622 1326 747 1426 ‚dc
796 1324 869 1401 8(
921 1324 1285 1401 nominari
1336 1323 1601 1401 dicitur
1650 1320 1853 1398 asuis
1873 1322 2196 1403 causatis.

664 1476 671 1483 ’
897 1445 951 1507 C
1037 1448 1093 1508 A
1177 1447 1224 1507 Ρ
1309 1446 1370 1508 U
1456 1444 1519 1505 T
1682 1445 1951 1511 XXXV.

777 1527 955 1609 Quod
984 1527 1152 1609 plura
1190 1526 1417 1586 nomina
1453 1522 1611 1584 dian
1649 1524 1719 1586 de
1756 1526 1876 1587 Deo
1902 1572 1922 1605 ,
1967 1550 2073 1590 mn

1168 1607 1305 1684 sum
1335 1605 1650 1682 synonyma
1672 1643 1689 1664 .

661 1726 1219 1911 OStenditur
1268 1723 1494 1802 etiam
1546 1747 1634 1799 ex
1685 1722 1899 1802 dictis
1924 1779 1951 1821 ‚
1999 1731 2197 1825 quod

902 1824 1244 1924 quamvis
1294 1822 1597 1899 nomina
1647 1823 1736 1897 de
1790 1828 1955 1902 Deo
2005 1826 2198 1904 dicta

659 1928 993 2003 eamdem
1047 1948 1203 2000 rem
1254 1919 1716 2021 significent,
1766 1945 1917 1999 non
1953 1940 2202 2007 tamen

663 2025 833 2105 sunt
885 2027 1327 2127 synonyma:
1384 2022 1557 2119 quia
1609 2045 1759 2099 non
1793 2021 2204 2121 fignificant

659 2127 1025 2204 rationem
1078 2125 1410 2198 eamdem
1435 2173 1455 2193 .

770 2228 974 2302 Nam
1025 2222 1214 2319 sicut
1263 2222 1559 2298 diversae
1643 2242 1758 2295 res
1827 2222 1957 2297 uni
2027 2224 2196 2301 sim·

661 2323 838 2427 plici
891 2324 1048 2414 rei,
1102 2346 1260 2420 quae
1315 2325 1519 2398 Deus
1568 2317 1720 2413 est,
1788 2321 2205 2399 similantur

662 2448 795 2525 per
843 2421 1109 2500 formas
1161 2421 1541 2503 diversasz
1612 2419 1714 2496 ita
1790 2420 2200 2500 intellectus

660 2523 895 2603 noster
969 2547 1094 2621 per
1166 2520 1479 2597 diversas
1550 2521 2059 2626 conceptimes
2130 2522 2204 2599 ei

659 2623 1076 2722 aliqualiter
1127 2622 1536 2714 similatur,
1591 2621 2023 2717 inquantum
2077 2645 2204 2720 per

659 2724 989 2802 diversas'
1037 2723 1350 2799 rationes
1390 2775 1425 2809 ,
1501 2721 1657 2798 sive
1725 2718 2205 2818 perfectiones

665 2841 1153 2903 creaturarum
1207 2822 1284 2897 in
1338 2820 1569 2917 ipsum
1623 2820 2203 2919 cognoscendum

664 2923 1124 3022 perducitur:
1212 2921 1283 2996 8(
1357 2921 1521 2998 ideo
1586 2923 1675 2997 de
1726 2946 1876 2997 uno
1928 2921 2203 2999 intelle-

665 3039 821 3101 ctus
888 3020 1123 3097 noster
1199 3019 1431 3097 multa
1495 3020 1914 3119 concipiens
1960 3075 1986 3115 ‚
2055 3048 2207 3099 non

669 3121 766 3200 est
821 3119 1085 3212 falsus,
1138 3144 1373 3216 neque
1423 3146 1648 3196 vanus
1693 3149 1710 3196 ε
1778 3121 1950 3219 quia
2021 3121 2202 3200 illud

664 3221 975 3319 simplex
1027 3219 1164 3294 effe
1216 3219 1549 3294 divinum
1602 3218 2002 3312 hujusmodi
2056 3221 2200 3314 est,

668 3339 752 3398 ut
825 3322 894 3396 ei
966 3317 1349 3396 secundum
1423 3316 1691 3392 formas
1765 3319 2209 3416 multiplices

668 3420 915 3518 aliqua
989 3416 1358 3492 affimilari
1426 3416 1700 3514 possint
1757 3469 1782 3507 ‚
1853 3434 1934 3493 ut
2003 3418 2207 3515 supra

670 3522 701 3617 (
751 3545 908 3617 cap.
963 3542 1177 3594 xx1x.
1230 3516 1301 3590 8(
1354 3515 1633 3611 xxxx.)
1683 3514 2037 3592 ostensum
2091 3517 2212 3593 est.

672 3620 1089 3700 Secundum
1142 3632 1388 3692 autem
1441 3615 1750 3691 diversas
1804 3618 2212 3715 conceptio·

680 3745 809 3797 nes
861 3715 1136 3795 diversa
1188 3715 1491 3791 nomina
1546 3714 1952 3792 intellectus
2022 3718 2219 3793 adin-

676 3819 883 3896 venit
933 3842 1089 3915 quae
1148 3821 1312 3892 Deo
1362 3814 1742 3902 attribuit3
1792 3813 1863 3889 8(
1897 3816 2001 3892 ita
2050 3841 2220 3894 cum

572 3980 583 3990 .
680 3943 831 3995 non
890 3918 1277 3993 secundum
1331 3918 1663 3991 eamdem
1713 3914 2075 3992 rationem
2117 3934 2218 3994 at-

681 4019 1136 4109 tribuantur,
1185 4013 1459 4126 constat
1512 4038 1595 4089 ea
1650 4040 1797 4091 non
1823 4016 1959 4129 esse
2015 4011 2218 4118 syno-

684 4140 953 4217 nyma,
1005 4138 1343 4212 quamvis
1410 4136 1566 4187 rem
1636 4137 1949 4191 omnmo
1997 4137 2220 4191 unam

686 4213 1149 4311 significent:
1209 4237 1357 4286 non
1410 4212 1609 4286 enim
1656 4211 1760 4289 ‘est
1789 4217 2039 4289 eadem
2094 4240 2219 4290 no-

682 4312 907 4390 minis
961 4311 1391 4409 fignificatio
1431 4365 1456 4404 ,
1533 4335 1703 4389 cum
1773 4337 2045 4389 nomen
2098 4336 2224 4413 per

689 4410 888 4516 prius
939 4410 1492 4507 conceptionem
1545 4411 1951 4491 intellectus
1999 4438 2222 4513 quam

692 4535 855 4590 rem
909 4508 1357 4586 intellectam
1406 4510 1769 4614 significet
1797 4568 1821 4588 .

2531 804 2583 860 1.
2627 803 2790 862 Pare.
2835 792 3023 877 quea.
3061 813 3245 856 1111.
3284 816 3397 859 art.
3443 779 3565 862 120⁴

2308 920 2541 1107 Ex
2597 921 2738 999 hoc
2790 920 3018 997 etiam
3067 914 3367 997 ulterius
3409 936 3612 1020 patet
3657 926 3859 1025 quod

2521 1022 2929 1106 intellectus
2997 1015 3236 1097 noster
3305 1021 3394 1097 de
3463 1027 3632 1103 Deo
3677 1026 3855 1105 sim-

2301 1123 2479 1221 plici
2531 1148 2681 1204 non
2719 1120 2799 1198 in
2830 1144 3108 1199 vanum
3140 1120 3678 1201 enuntiationes
3711 1124 3853 1203 sor-

2300 1244 2456 1306 mat
2471 1222 2981 1323 componendo
2997 1278 3024 1315 ‚
3049 1221 3121 1296 8(
3142 1220 3535 1303 dividendo
3549 1278 3576 1320 ‚
3597 1248 3851 1325 quamg-

2294 1326 2414 1403 vis
2470 1333 2671 1407 Deus
2722 1321 3033 1401 omnino
3080 1319 3394 1419 simplex
3440 1324 3575 1402 sit.

2405 1425 2775 1529 Quamvis
2841 1447 3162 1536 namque
3243 1421 3653 1527 intellectus
3719 1448 3858 1505 no,-

2294 1526 2435 1607 ster
2486 1530 2567 1607 in
2639 1523 2784 1607 Dei
2860 1523 3369 1621 cognitionem
3437 1550 3565 1625 per
3615 1525 3851 1605 diver..

2296 1627 2405 1706 sas
2455 1625 2970 1728 conceptiones
3002 1623 3388 1716 deveniat,
3434 1642 3520 1702 ut
3568 1627 3850 1704 dictum

2297 1728 2396 1804 est
2448 1728 2476 1824 (
2527 1752 2682 1826 cap.
2733 1723 3026 1823 praeced.
3079 1723 3108 1817 )
3159 1721 3509 1821 intelligit
3559 1740 3853 1819 tamen-4

2303 1827 2378 1903 id
2428 1828 2624 1927 quod
2674 1822 3017 1902 ornnibus
3069 1821 3174 1898 eis
3220 1823 3641 1920 respondet,
3690 1846 3852 1900 omi·

2304 1926 2486 2002 nino
2536 1926 2673 2001 effe
2725 1945 2955 1999 unum
3000 1974 3019 1996 .
3077 1924 3264 2001 Non
3309 1923 3515 2000 enim
3565 1918 3852 2005 intelle·

2302 2042 2459 2103 ctus
2512 2025 2816 2102 modum
2864 2039 3016 2119 quo
3059 2022 3460 2120 intelligit,
3509 2024 3721 2102 rebus
3741 2038 3849 2101 at·

2301 2125 2562 2201 tribuit
2628 2119 3018 2200 intellectis
3053 2173 3088 2215 ,
3146 2121 3334 2199 sicut
3414 2146 3556 2200 nee.
3616 2120 3849 2220 lapidi

2298 2222 2997 2303 immaterialitatem
3018 2272 3048 2315 ‚
3147 2223 3438 2298 uamvis
3484 2246 3657 2299 eum
3708 2223 3850 2300 itri-

2305 2322 2783 2401 materialiter
2829 2344 2987 2418 ¹cog
3118 2335 3287 2397 cat:
3358 2321 3431 2398 8(
3501 2323 3674 2400 ideo
3738 2322 3853 2402 rei

2304 2424 2664 2502 unitatem
2699 2421 3043 2521 proponit
3232 2424 3851 2520 coenpositionem

2303 2523 2677 2600 verbalem
2722 2575 2748 2616 ‚
2801 2545 2958 2618 quae
3003 2444 3564 2600 etigidentitatis
3618 2538 3793 2599 nota
3815 2566 3848 2616 ‚

2304 2648 2476 2701 cum
2529 2623 2745 2700 dicit:
2803 2624 3006 2697 Dens
3055 2619 3153 2696 est
3207 2624 3436 2697 bonus
3470 2674 3502 2714 ,
3546 2621 3670 2699 vel
3721 2624 3849 2698 bo·

2303 2723 2493 2799 nitas
2526 2749 2557 2796 .·
2610 2723 2717 2799 ita
2766 2722 2958 2834 quod
3009 2720 3074 2797 si
3124 2744 3270 2818 qua
3319 2717 3422 2795 est
3470 2719 3853 2800 diversitas

2308 2822 2387 2900 in
2436 2820 2968 2922 compositione
3000 2873 3032 2915 ,
3094 2821 3189 2898 ad
3236 2818 3692 2899 intellectum
3741 2842 3852 2897 re·

2308 2921 2574 3000 seratur
2614 2948 2638 3008 ς
2704 2922 2941 2998 unitas
2991 2945 3169 2998 vero
3219 2923 3314 2998 ad
3358 2945 3516 2998 rem
3570 2921 3853 2999 intelle-1

2306 3041 2502 3100 ctam
2559 3051 2583 3112 ς
2634 3023 2705 3099 8(
2760 3046 2848 3099 ex
2899 3021 3038 3098 hac
3088 3021 3370 3098 ratione
3422 3022 3856 3121 quandoque

2304 3123 2713 3201 intellectus
2777 3120 3016 3200 noster
3108 3122 3690 3200 enuntiationem
3755 3124 3856 3200 de

2308 3227 2473 3300 Deo
2525 3222 2792 3299 format
2858 3246 3030 3299 cum
3097 3222 3347 3320 aliqua
3407 3221 3846 3308 diversitatis

2307 3341 2480 3397 nota
2517 3375 2541 3415 ‚
2610 3321 3195 3418 praepositionem
3280 3322 3862 3419 interponendo,

2309 3437 2390 3496 ut
2440 3445 2611 3496 cum
2663 3418 2969 3511 dicitur,
3021 3419 3317 3496 Bonitas
3369 3417 3469 3493 est
3521 3421 3602 3496 in
3656 3424 3858 3497 Deum

2315 3519 2488 3616 quia
2541 3519 2619 3595 in
2689 3518 2826 3594 hoc
2878 3518 3293 3613 designatur
3330 3518 3571 3617 aliqua
3620 3518 3855 3597 diver-

2311 3620 2486 3732 giras
2523 3672 2550 3712 ‚
2634 3643 2790 3718 quae
2843 3617 3199 3716 competit
3271 3617 3738 3713 intellectui,
3782 3619 3862 3698 8(

2322 3720 2564 3895 alifqua
2615 3718 2854 3797 unitas
2879 3773 2904 3814 ‚
2954 3742 3178 3821 quam
3229 3735 3515 3818 oportet
3563 3721 3656 3798 ad
3703 3743 3863 3799 rem

2321 3843 2397 3896 re
2430 3842 2584 3895 erre
2603 3876 2621 3894 .

2531 3929 2586 3991 C
2670 3929 2729 3990 Α
2814 3931 2863 3992 Ρ
2947 3935 3007 4010 U
3093 3938 3160 3998 Τ
3314 3941 3666 4004 XXXVII.

2746 4011 2920 4092 Quod
2941 4017 3093 4074 Dm
3125 4016 3198 4093 est
3240 4017 3413 4081 bonus
3435 4062 3454 4079 .

2684 4089 2734 4145 1.
2771 4095 2931 4152 Part.
2967 4094 3147 4171 quaest.
3181 4117 3281 4158 vt.
3307 4118 3420 4159 art.
3452 4120 3508 4159 1.

2490 4208 2555 4284 X
2579 4205 3019 4304 perfectione
3039 4231 3288 4290 autem
3313 4215 3561 4294 divina
3581 4273 3606 4313 ‚
3640 4243 3870 4320 quam

2401 4353 2413 4366 ·
2499 4307 2976 4421 ‘ostendimus
3002 4363 3027 4402 ‚
3079 4313 3368 4393 bonitas
3419 4317 3646 4417 ipsius
3694 4345 3866 4402 con-

2323 4408 2522 4484 cludi
2574 4407 2802 4505 potest
2831 4464 2849 4483 .
3392 4441 3402 4450 ·

2433 4534 2492 4582 1.
2549 4509 2634 4584 Id
2685 4507 2883 4585 enim
2936 4534 3088 4606 qno
3119 4522 3689 4620 unumquodque
3737 4522 3867 4600 bo⁴

2318 4631 2503 4682 num
2543 4607 2863 4719 dicitur,
2915 4607 3016 4685 est
3067 4617 3354 4714 propria
3396 4620 3634 4697 virtm
3683 4620 3868 4718 ejusz

2319 4729 2633 4904 {51⁰¹ssss
2663 4732 2981 4890 „mammam
3031 4715 3871 4897 gffhffiugcujusqffi

2331 4931 2516 5006 opus
2563 4907 2716 5010 ejus
2781 4911 3060 4993 bonum
3109 4917 3402 5013 reddit3
3447 4843 3722 4999 rinitmias’
3748 4942 3873 4994 au-

3713 5033 3873 5094 tem
