4597 5696
803 445 918 493 m
1565 376 3236 497 υιεεειιτιῑτὶονιιενῐᾼ

762 568 936 644 1(με
992 572 1059 622 2.
1113 496 1378 625 menhs
1430 544 1818 627 Oflobris:
1868 550 2065 649 quod
2119 547 2380 646 utique
2432 547 2785 650 temporis
2836 547 3313 628 intervallum
3367 547 3518 647 est,
3569 572 3721 649 quo
3771 551 3977 634 Tho-

726 704 737 715 ν
788 669 953 729 mas
1000 647 1209 746 operi
1262 664 1517 729 contra
1572 649 1908 728 Gentiles
1958 704 1983 744 ‚
2053 650 2174 728 seu
2239 651 2333 729 de
2386 651 2721 729 Veritate
2775 651 2986 730 Fidei
3070 650 3467 730 Catholicae
3533 654 3978 734 elaborando

734 816 741 823 ,
783 746 1160 828 insudavit
1212 806 1232 826 .
1288 755 1568 830 Laurea
1622 749 2040 851 Magisterii
2094 750 2242 851 jam
2297 750 2579 851 pridem
2651 751 2730 828 in
2782 750 3146 830 Parilienli
3206 752 3692 834 Univerfitate
3756 756 3981 849 dona-

776 863 897 928 tus
950 846 1185 930 fuerat
1232 879 1260 943 ς
1311 868 1393 932 ut
1442 851 1808 931 veriffime
1859 852 2170 933 scribere
2223 856 2478 932 Petrus
2536 851 2908 932 Marsilius
2962 854 3322 954 potuerit,
3375 854 3729 935 Sanfitum
3783 858 3969 937 Rai-

734 1018 737 1023 ⁴
780 953 1147 1029 mundum
1224 955 1315 1032 de
1366 951 1763 1033 Pennafort
1832 953 2207 1054 roga-viffe
2272 953 2656 1033 Eximium
2710 953 3098 1034 Donarem
3168 965 3400 1036 Sacrae
3452 956 3750 1055 Pagina
3807 965 3967 1034 Ma-

768 1049 1091 1152 gistrum
1140 1052 1227 1134 in
1278 1054 1676 1157 Theologia
1726 1063 2070 1137 Fratrem
2120 1057 2483 1142 Thomam
2533 1056 2627 1137 de
2679 1057 2975 1156 Aquino
2991 1111 3020 1157 ‚
3070 1079 3160 1136 us
3210 1068 3400 1158 Opus
3448 1058 3749 1158 aliquod
3780 1053 3981 1159 face·

618 1190 619 1199 κ
736 1176 898 1233 xret
935 1174 1197 1236 contra
1247 1156 1667 1252 infidelium
1718 1186 2005 1239 errores,
2038 1215 2058 1235 .

883 1259 973 1336 In
1026 1260 1362 1338 Proceflu
1414 1259 2029 1341 canonizationis
2110 1261 2440 1341 narratio
2509 1261 2847 1362 quadam
2914 1260 3185 1361 legitur
3219 1314 3248 1355 ‚
3328 1261 3588 1340 Fratri
3645 1260 3971 1340 Antonio

762 1357 868 1453 dc
918 1358 1185 1437 Brixia
1236 1358 1426 1441 sabia
1495 1387 1540 1439 a
1596 1369 1865 1444 Fratre
1912 1360 2211 1442 Nicolao
2280 1363 2373 1443 de
2442 1361 2857 1464 Mar-siliaco
2887 1390 2928 1441 -:
2996 1389 3158 1481 quae
3208 1361 3509 1442 calculis
3580 1336 3966 1476 ptolomaei

762 1458 1111 1545 ‘Lucensis
1187 1484 1594 1562 repugnare
1660 1464 1954 1543 videtur
2006 1520 2025 1539 .
2132 1466 2392 1545 Verba
2455 1462 2690 1543 refero
2727 1522 2753 1561 ‚
2799 1488 2980 1563 -quae
3053 1464 3414 1543 habentur
3483 1482 3734 1563 gapcte
3788 1490 3967 1543 νη.

752 1574 976 1653 mm.
1032 1565 1156 1661 67.
1244 1567 1436 1663 apud
1506 1564 1847 1644 Bollandi
1900 1567 2471 1645 Continuatores
2523 1621 2550 1660 ‚
2617 1566 2708 1644 ad
2776 1566 2975 1643 diem
3026 1589 3116 1642 vr
3141 1594 3201 1642 1.
3281 1562 3559 1661 Mensis
3628 1566 3893 1644 Martii
3948 1596 3968 1645 :

760 1713 828 1759 ς,
883 1665 1137 1742 Frater
1193 1665 1537 1760 Antoni,
1588 1691 1732 1766 ego
1778 1666 1887 1745 sui
1941 1692 2113 1746 cum
2172 1668 2425 1746 Fratre
2479 1665 2780 1748 Thoma
2829 1665 3152 1763 Parisiis:
3206 1668 3284 1747 81
3329 1674 3580 1746 coram
3636 1670 3803 1746 Deo
3853 1668 3966 1747 di·

744 1816 827 1861 .‚‚
870 1790 1023 1858 c0,
1075 1768 1272 1865 quod
1324 1790 1732 1868 numquam
1784 1770 1938 1848 vidi
1992 1769 2379 1851 hominem
2432 1784 2651 1850 tantae
2706 1769 3045 1868 puritatis
3113 1768 3189 1849 3<
3261 1768 3712 1869 paupertatis
3766 1793 3965 1848 ama-

742 1900 819 1965 4„
866 1881 1147 1947 torem.
1203 1870 1363 1966 Qui
1414 1896 1583 1951 cum
1644 1868 2030 1964 scriberet,
2080 1871 2154 1949 8(
2203 1888 2681 1970 componeret
2732 1871 3035 1961 Librum
3087 1896 3340 1949 contra
3382 1871 3753 1965 Gentiles,
3805 1890 3960 1950 non

768 2020 827 2064 ,‚
876 1966 1196 2048 habebat
1247 1971 1580 2066 charta33
1635 1974 1769 2051 sed.
1806 1975 1887 2051 in
1942 1973 2295 2053 schedulis
2353 1973 2620 2073 scripsit
2673 1972 3008 2072 ipsum.”
3058 1973 3359 2052 Parisios
3410 1972 3746 2051 Thomas
3803 1996 3965 2069 pro·

764 2067 1113 2151 ficiscitur
1165 2094 1369 2150 anno
1428 2099 1641 2171 1245.
1718 2075 1970 2174 ibique
2022 2075 2224 2169 degit
2288 2075 2379 2157 ad
2432 2075 2659 2153 finem
2729 2075 2909 2152 anni
2972 2079 3189 2170 1248.
3265 2076 3472 2153 sacrae
3525 2072 3959 2170 Theologiae

770 2169 1061 2248 auditor
1117 2170 1244 2247 sub
1295 2172 1587 2252 Alberti
1641 2175 1920 2275 Magni
1972 2172 2392 2273 disciplina.
2482 2178 2572 2253 In
2627 2175 3141 2272 amplissimam
3217 2172 3652 2272 remigravit
3705 2174 3965 2251 urbem

762 2296 1242 2382 annoa41253.
1295 2298 1446 2374 quo
1498 2298 1774 2373 agones
1824 2275 2280 2371 scholasticos
2330 2298 2464 2378 pro
2513 2274 2970 2373 adsequendo
3024 2273 3439 2373 Magisterii
3491 2275 3719 2373 gradu
3771 2273 3959 2352 susti-

754 2396 936 2451 nere
980 2374 1254 2473 ²·coepit
1300 2428 1324 2453 .
1426 2377 1745 2457 Diffidio
1818 2377 2269 2478 composito,
2395 2378 2538 2456 uod
2593 2375 3015 2456 Parifienses
3064 2374 3496 2453 Academici
3571 2395 3958 2455 moverant

764 2491 1022 2552 contra
1100 2478 1389 2558 Fratres
1425 2550 1429 2555 .
1463 2478 1988 2561 Mendicantes
2026 2532 2052 2571 ‚
2120 2480 2408 2559 nonniu
2488 2506 2689 2558 anno
2750 2484 2965 2575 1256.
3052 2494 3183 2557 aut
3251 2476 3678 2576 insequente
3742 2504 3956 2577 1257.

760 2574 1064 2656 effefius
1113 2579 1729 2681 renunciatusque
1798 2585 1940 2660 Ma
1995 2581 2157 2658 ister
2224 2580 2572 2661 Scholam
2627 2579 3061 2679 Theologiae
3114 2580 3417 2657 nomine
3497 2576 3625 2656 suo
3696 2579 3888 2657 rexit
3938 2634 3966 2658 .

752 2676 923 2758 Post
996 2680 1381 2760 biennium
1463 2682 1798 2783 regimen
1869 2606 2147 2764 Sci-iola:
2230 2710 2365 2784 pro
2439 2707 2648 2761 more
2699 2681 2896 2760 ceffit
2947 2680 3112 2760 aliis
3167 2709 3184 2753 ε
3243 2677 3544 2760 discedit
3597 2679 3879 2760 Parisiis
3930 2733 3956 2777 ‚

752 2780 1177 2882 Religionis
1227 2784 1301 2862 8<
1352 2785 1659 2868 Ordinis
1710 2785 2009 2888 negotia
2062 2785 2244 2876 alibi
2296 2782 2863 2886 pertraCtaturus
2916 2806 2935 2860 :
3009 2805 3094 2860 ac
3162 2782 3466 2862 demum
3520 2780 3601 2859 in
3656 2781 3953 2860 Italiam

602 2873 637 2908 s
752 2884 1194 2981 revertitur,
1246 2888 1445 2965 Petri
1496 2890 1919 2969 cathedram
1971 2905 2266 2967 tenente
2323 2889 2634 2968 Urbano
2686 2888 2823 2965 IV.
2876 2886 2997 2964 Ad
3049 2882 3286 2983 ipsum
3343 2881 3728 2962 Parifiense
3801 2886 3958 2987 Gy-

755 2983 1123 3063 mnafium
1178 2987 1484 3066 secunda
1532 2989 1701 3070 vice
1760 2991 2160 3090 regendum
2189 3044 2218 3085 ‚
2269 3015 2466 3098 anno
2528 2991 2742 3089 1269.
2797 2988 3046 3065 mistus
3096 2985 3251 3065 est:
3305 2984 3551 3085 explet
3653 3010 3746 3064 ue
3795 3009 3958 3063 mu·

745 3108 930 3165 nere
975 3141 1004 3182 ‚
1076 3086 1156 3163 in
1233 3089 1526 3169 Italiam
1595 3118 1795 3172 anno
1856 3118 2073 3191 1271.
2145 3091 2536 3169 revertitur
2584 3145 2606 3168 .
2689 3091 2909 3167 Hanc
2963 3112 3108 3185 ego
3153 3085 3615 3186 chronograp
3671 3085 3820 3178 iam
3873 3087 3955 3167 in

750 3186 920 3266 aliis
973 3189 1662 3291 miserationibus,
1718 3197 2075 3273 Veterum
2133 3192 2796 3291 probatiffimorum
2880 3190 3174 3270 testium
3225 3188 3368 3270 fide
3402 3242 3430 3286 ‚
3502 3187 3733 3268 veluti
3801 3213 3960 3267 cer·

756 3289 1034 3367 tiorem
1086 3291 1336 3390 digessi
1355 3349 1376 3369 .
1432 3295 1605 3396 Qua
1658 3296 1886 3392 pofita
1921 3351 1948 3393 ‚
1998 3294 2274 3388 laudati
2327 3293 2724 3395 Scriptores
2773 3295 2921 3372 duo
2953 3346 2988 3387 2
3050 3289 3489 3372 Ptolomaeus
3540 3288 3877 3370 Lucenfis
3926 3343 3956 3385 ‚

754 3388 833 3469 8<
888 3392 1250 3473 Nicolaus
1300 3395 1391 3474 de
1445 3396 1926 3493 Marfiliaco‚
1991 3398 2124 3497 qui
2198 3399 2494 3480 tradere,
2553 3420 2730 3498 repu
2836 3394 3037 3473 antia
3086 3393 3430 3471 videntur
3479 3445 3508 3486 ‚
3595 3390 3959 3468 facillimo

755 3495 1069 3595 negotio
1120 3498 1457 3577 revocari
1510 3500 1602 3579 ad
1651 3498 2127 3582 concordiam
2179 3499 2502 3599 possunt.
2561 3500 2720 3577 Par'
2759 3498 2847 3600 iis
2901 3518 3170 3590 nempe
3221 3492 3374 3590 post
3425 3515 3707 3604 annurn
3740 3517 3825 3565 12
3839 3513 3875 3585 ς
3887 3517 3952 3590 3.

632 3633 641 3643 ·
756 3596 885 3675 vel
938 3598 1171 3678 etiam
1234 3625 1323 3676 12
1337 3605 1450 3699 56.
1503 3628 1685 3703 opus
1734 3619 1994 3682 contra
2047 3599 2388 3678 Gentiles
2439 3600 2697 3676 animo
2747 3583 3193 3673 n'iffliebatur
3247 3591 3580 3668 Thomas
3609 3644 3634 3684 ‚
3688 3589 3956 3702 ipsum·

754 3715 904 3797 que
957 3699 1323 3778 delineare
1375 3701 1793 3803 inceperat,
1843 3718 1927 3780 ut
1981 3699 2342 3778 Nicolaus
2391 3700 2482 3775 de
2534 3694 2959 3775 Marsiliaco
3010 3691 3340 3772 testatur:
3399 3689 3595 3788 quod
3645 3690 3738 3765 ab
3792 3688 3954 3790 ipso

751 3798 1062 3878 demum
1090 3854 1115 3894 ‚
1167 3802 1429 3879 reduce
1484 3803 1565 3880 in
1622 3803 1916 3883 ltaliam
1948 3852 1976 3896 ‚
2043 3798 2203 3902 post
2251 3821 2530 3877 annum
2595 3801 2811 3877 1261.
2861 3792 3320 3897 completum
3368 3791 3467 3872 est
3516 3788 3952 3894 perfectum-

752 3923 948 4004 que,
1000 3899 1176 3980 teste
1228 3903 1667 3984 Ptolomaeo.
3367 3996 3384 4015 ‚
3599 3993 3620 4009 ,

650 4087 656 4094 ,
812 3999 1134 4084 “Refert
1181 4003 1599 4084 Ludovicus
1654 4003 2261 4102 Valleoletanus‚
2310 4027 2402 4084 eo
2456 4001 2910 4103 Aquinatem
2961 4015 3294 4100 tempore
3340 4024 3445 4116 ‘m
3496 3999 3708 4094 hujus
3761 4000 3959 4098 Ope·

748 4100 855 4184 ris
906 4103 1539 4186 elucubrationem
1598 4107 2014 4188 ’incubuisse
2055 4163 2083 4207 ‚
2149 4131 2327 4188 cum
2396 4106 2490 4185 ad
2541 4104 2875 4186 mensam
2954 4108 3022 4185 S.
3077 4102 3438 4184 Ludov1c1
3493 4104 3952 4178 Francorum

735 4205 994 4306 „Regis
1043 4210 1481 4290 accumbens
1505 4264 1533 4308 ‚
1583 4207 1665 4289 in
1715 4235 1801 4289 ea
1851 4212 2078 4289 verba
2127 4208 2417 4308 erupit:
2476 4207 2700 4287 Modo
2746 4205 3150 4303 conclusum
3186 4202 3289 4307 cst
3337 4224 3587 4280 contra
3634 4197 3952 4302 haenfim

745 4308 1199 4390 Manicbaei.
1254 4311 1338 4389 Id
1394 4336 1572 4413 ergo
1622 4312 1996 4406 acciderit,
2024 4331 2202 4392 cum
2252 4308 2540 4391 Parisiis
2589 4332 2774 4408 opus
2803 4308 3224 4386 delineabat
3253 4304 3641 4420 Theman,
3692 4326 3954 4402 regens

741 4410 989 4508 prima
1040 4409 1207 4491 vice
1258 4411 1745 4517 Gymnafium
1798 4413 2347 4513 Sanjacobaeum
2374 4467 2403 4508 ‚
2454 4409 2608 4511 post
2656 4435 2938 4492 annum
3002 4433 3214 4506 1254
3267 4432 3418 4506 quo
3465 4431 3546 4484 m
3601 4409 3957 4507 Regnum

733 4532 841 4591 ex
894 4514 1215 4592 Oriente
1266 4514 1799 4617 remigraverat
1852 4519 2017 4596 Rex
2067 4512 2560 4596 Sanfflffimus
2597 4569 2617 4589 .

857 4618 921 4693 A
937 4633 968 4693 t
1017 4639 1179 4696 rem
1244 4613 1436 4696 hanc
1504 4618 1593 4694 ad
1667 4628 2044 4698 Summam
2112 4614 2623 4730 Theofogicam
2690 4610 2913 4694 refert
2963 4607 3410 4690 Guilldmus
3461 4610 3550 4689 de
3604 4612 3866 4687 Tocco
3917 4661 3938 4682 .

742 4716 993 4795 Verba
1048 4715 1215 4795 sunt
1265 4715 1760 4797 differtiffima
1812 4719 1892 4806 in
1950 4717 2131 4797 Vita
2183 4735 2425 4816 capite
2479 4740 2569 4793 vr
2594 4741 2652 4790 1.
2709 4735 2916 4792 num.
2967 4738 3088 4811 44.
3143 4766 3196 4808 „
3244 4715 3440 4791 Cum
3495 4709 3720 4789 semel
3771 4713 3943 4824 San-

730 4867 802 4916 -‚‚
852 4814 1011 4898 &us
1063 4819 1497 4900 Ludovicus
1548 4819 2092 4899 RexaFranciae
2148 4818 2389 4918 ipsum
2442 4815 2470 4913 (
2525 4816 2906 4894 Thomam
2959 4812 2987 4911 )
3054 4815 3147 4892 ad
3197 4814 3543 4926 mensam·
3580 4812 3780 4889 suam
3834 4833 3943 4887 m-

756 4970 811 5018 „
860 4920 1145 5000 vitass'et
1172 4976 1201 5017 ‚
1246 4923 1320 5001 8:
1376 4920 1532 5020 ipse
1584 4920 1655 5000 se
1708 4919 2091 5000 humiliter
2141 4918 2530 5008 excusasset
2583 4936 2883 5019 propter
2932 4941 3116 5016 opus
3147 4926 3460 4998 Summae
3513 4941 3595 4992 m
3649 4912 3949 4990 Theolo-

758 5073 816 5125 „
854 5022 1034 5131 gia„
1083 5024 1284 5132 quod
1337 5020 1643 5113 distaret
1693 5040 1867 5167 tum·
1910 5021 2265 5128 temporis
2303 5050 2320 5104 :
2403 5019 2787 5106 obtinente
2859 5036 3109 5110 autem
3157 5015 3509 5108 mandato
3561 5014 3792 5213 Regi’s
3822 5067 3948 5192 .άᾴ
