<?xml version="1.0" encoding="UTF-8"?>
<!DOCTYPE html PUBLIC "-//W3C//DTD XHTML 1.0 Transitional//EN"
    "http://www.w3.org/TR/xhtml1/DTD/xhtml1-transitional.dtd">
<html xmlns="http://www.w3.org/1999/xhtml" xml:lang="en" lang="en">
 <head>
  <title>
</title>
<meta http-equiv="Content-Type" content="text/html;charset=utf-8" />
  <meta name='ocr-system' content='tesseract 3.04.00' />
  <meta name='ocr-capabilities' content='ocr_page ocr_carea ocr_par ocr_line ocrx_word'/>
</head>
<body>
  <div class='ocr_page' id='page_1' title='image "./summacontragent00aqugoog_0020.png"; bbox 0 0 4597 5696; ppageno 0'>
   <div class='ocr_carea' id='block_1_1' title="bbox 743 406 3233 482">
    <p class='ocr_par' dir='ltr' id='par_1_1' title="bbox 743 406 3233 482">
     <span class='ocr_line' id='line_1_1' title="bbox 743 406 3233 482; baseline 0.003 -10"><span class='ocrx_word' id='word_1_1' title='bbox 743 414 879 482; x_wconf 65' lang='lat' dir='ltr'>m·</span> <span class='ocrx_word' id='word_1_2' title='bbox 1570 406 3233 480; x_wconf 70' lang='lat' dir='ltr'>DISSERTATIOPRAEVIA</span> 
     </span>
    </p>
   </div>
   <div class='ocr_carea' id='block_1_2' title="bbox 652 530 3969 5206">
    <p class='ocr_par' dir='ltr' id='par_1_2' title="bbox 708 530 3969 1147">
     <span class='ocr_line' id='line_1_2' title="bbox 708 530 3969 642; baseline 0 -23"><span class='ocrx_word' id='word_1_3' title='bbox 708 634 711 635; x_wconf 12' lang='lat' dir='ltr'><strong><em>f</em></strong></span> <span class='ocrx_word' id='word_1_4' title='bbox 752 597 810 641; x_wconf 77' lang='lat'><strong>„</strong></span> <span class='ocrx_word' id='word_1_5' title='bbox 862 532 1491 637; x_wconf 61' lang='lat' dir='ltr'>demonstrative,</span> <span class='ocrx_word' id='word_1_6' title='bbox 1542 534 1660 613; x_wconf 90' lang='lat' dir='ltr'>vel</span> <span class='ocrx_word' id='word_1_7' title='bbox 1721 560 1848 633; x_wconf 90' lang='lat' dir='ltr'>per</span> <span class='ocrx_word' id='word_1_8' title='bbox 1893 534 1959 612; x_wconf 93' lang='lat' dir='ltr'>se</span> <span class='ocrx_word' id='word_1_9' title='bbox 2014 530 2391 610; x_wconf 61' lang='lat' dir='ltr'>intelleffla</span> <span class='ocrx_word' id='word_1_10' title='bbox 2444 535 3108 635; x_wconf 84' lang='lat' dir='ltr'>comprehendatur</span> <span class='ocrx_word' id='word_1_11' title='bbox 3143 594 3163 612; x_wconf 93' lang='lat'>.</span> <span class='ocrx_word' id='word_1_12' title='bbox 3224 534 3432 618; x_wconf 81' lang='lat' dir='ltr'><em>Utile</em></span> <span class='ocrx_word' id='word_1_13' title='bbox 3499 552 3747 620; x_wconf 88' lang='lat' dir='ltr'>tamen</span> <span class='ocrx_word' id='word_1_14' title='bbox 3797 539 3969 642; x_wconf 48' lang='lat' dir='ltr'>estj</span> 
     </span>
     <span class='ocr_line' id='line_1_3' title="bbox 753 637 3963 742; baseline 0.001 -21"><span class='ocrx_word' id='word_1_15' title='bbox 753 699 812 742; x_wconf 82' lang='lat'>„</span> <span class='ocrx_word' id='word_1_16' title='bbox 870 663 953 721; x_wconf 89' lang='lat' dir='ltr'>ut</span> <span class='ocrx_word' id='word_1_17' title='bbox 1005 642 1083 718; x_wconf 92' lang='lat' dir='ltr'>in</span> <span class='ocrx_word' id='word_1_18' title='bbox 1138 637 1545 738; x_wconf 80' lang='lat' dir='ltr'>hujusmodi</span> <span class='ocrx_word' id='word_1_19' title='bbox 1601 637 2057 730; x_wconf 85' lang='lat' dir='ltr'>rationibus,</span> <span class='ocrx_word' id='word_1_20' title='bbox 2109 658 2773 736; x_wconf 83' lang='lat' dir='ltr'>quantumcumque</span> <span class='ocrx_word' id='word_1_21' title='bbox 2824 639 3227 736; x_wconf 78' lang='lat' dir='ltr'>debilibus,</span> <span class='ocrx_word' id='word_1_22' title='bbox 3282 642 3351 716; x_wconf 93' lang='lat' dir='ltr'>se</span> <span class='ocrx_word' id='word_1_23' title='bbox 3378 664 3582 721; x_wconf 83' lang='lat' dir='ltr'>mens</span> <span class='ocrx_word' id='word_1_24' title='bbox 3640 646 3963 723; x_wconf 86' lang='lat' dir='ltr'>humana</span> 
     </span>
     <span class='ocr_line' id='line_1_4' title="bbox 753 737 3969 845; baseline -0.001 -22"><span class='ocrx_word' id='word_1_25' title='bbox 753 802 810 844; x_wconf 83' lang='lat'>‚‚</span> <span class='ocrx_word' id='word_1_26' title='bbox 863 762 1232 823; x_wconf 86' lang='lat' dir='ltr'>exerceat:</span> <span class='ocrx_word' id='word_1_27' title='bbox 1286 742 1703 817; x_wconf 87' lang='lat' dir='ltr'>dummodo</span> <span class='ocrx_word' id='word_1_28' title='bbox 1753 738 1928 817; x_wconf 78' lang='lat' dir='ltr'>desit</span> <span class='ocrx_word' id='word_1_29' title='bbox 1980 737 2666 836; x_wconf 81' lang='lat' dir='ltr'>comprehendendi,</span> <span class='ocrx_word' id='word_1_30' title='bbox 2716 740 2835 817; x_wconf 90' lang='lat' dir='ltr'>vel</span> <span class='ocrx_word' id='word_1_31' title='bbox 2888 739 3427 840; x_wconf 83' lang='lat' dir='ltr'>demonstrandi</span> <span class='ocrx_word' id='word_1_32' title='bbox 3478 746 3969 845; x_wconf 81' lang='lat' dir='ltr'>praesumptio‚</span> 
     </span>
     <span class='ocr_line' id='line_1_5' title="bbox 736 839 3967 947; baseline 0.001 -24"><span class='ocrx_word' id='word_1_33' title='bbox 736 902 808 947; x_wconf 49' lang='grc' dir='ltr'>υ</span> <span class='ocrx_word' id='word_1_34' title='bbox 858 847 1034 945; x_wconf 81' lang='lat' dir='ltr'>quia</span> <span class='ocrx_word' id='word_1_35' title='bbox 1106 846 1196 923; x_wconf 90' lang='lat' dir='ltr'>de</span> <span class='ocrx_word' id='word_1_36' title='bbox 1260 844 1466 934; x_wconf 62' lang='lat' dir='ltr'>rebus</span> <span class='ocrx_word' id='word_1_37' title='bbox 1533 841 1892 934; x_wconf 84' lang='lat' dir='ltr'>altiffimis</span> <span class='ocrx_word' id='word_1_38' title='bbox 1960 839 2190 917; x_wconf 79' lang='lat' dir='ltr'>etiam</span> <span class='ocrx_word' id='word_1_39' title='bbox 2248 858 2502 939; x_wconf 85' lang='lat' dir='ltr'>parva</span> <span class='ocrx_word' id='word_1_40' title='bbox 2571 842 2669 918; x_wconf 60' lang='lat'>&lt;9⁴</span> <span class='ocrx_word' id='word_1_41' title='bbox 2740 840 2966 919; x_wconf 85' lang='lat' dir='ltr'>debili</span> <span class='ocrx_word' id='word_1_42' title='bbox 3033 840 3595 942; x_wconf 74' lang='lat' dir='ltr'><em>consideratione</em></span> <span class='ocrx_word' id='word_1_43' title='bbox 3685 847 3967 944; x_wconf 87' lang='lat' dir='ltr'>aliquid</span> 
     </span>
     <span class='ocr_line' id='line_1_6' title="bbox 753 939 3955 1048; baseline 0 -22"><span class='ocrx_word' id='word_1_44' title='bbox 753 1005 811 1048; x_wconf 80' lang='lat'>‚,</span> <span class='ocrx_word' id='word_1_45' title='bbox 861 948 1055 1048; x_wconf 79' lang='lat' dir='ltr'>posse</span> <span class='ocrx_word' id='word_1_46' title='bbox 1108 945 1463 1043; x_wconf 84' lang='lat' dir='ltr'>inspicere</span> <span class='ocrx_word' id='word_1_47' title='bbox 1516 942 2107 1041; x_wconf 82' lang='lat' dir='ltr'>jucundiffimum</span> <span class='ocrx_word' id='word_1_48' title='bbox 2160 939 2298 1017; x_wconf 92' lang='lat' dir='ltr'>est.</span> <span class='ocrx_word' id='word_1_49' title='bbox 2354 939 2408 981; x_wconf 81' lang='lat'>“</span> <span class='ocrx_word' id='word_1_50' title='bbox 2457 942 2840 1039; x_wconf 72' lang='lat' dir='ltr'><strong>Sapienti,</strong></span> <span class='ocrx_word' id='word_1_51' title='bbox 2892 946 3378 1045; x_wconf 84' lang='lat' dir='ltr'>prudentique</span> <span class='ocrx_word' id='word_1_52' title='bbox 3430 946 3734 1026; x_wconf 73' lang='lat' dir='ltr'>consilio</span> <span class='ocrx_word' id='word_1_53' title='bbox 3785 951 3955 1027; x_wconf 85' lang='lat' dir='ltr'>ada·</span> 
     </span>
     <span class='ocr_line' id='line_1_7' title="bbox 751 1042 2998 1147; baseline -0.003 -18"><span class='ocrx_word' id='word_1_54' title='bbox 751 1050 1049 1129; x_wconf 83' lang='lat' dir='ltr'>muffim</span> <span class='ocrx_word' id='word_1_55' title='bbox 1107 1048 1480 1147; x_wconf 86' lang='lat' dir='ltr'>respondet</span> <span class='ocrx_word' id='word_1_56' title='bbox 1535 1048 1745 1145; x_wconf 88' lang='lat' dir='ltr'>Opus</span> <span class='ocrx_word' id='word_1_57' title='bbox 1778 1098 1804 1141; x_wconf 82' lang='lat'>‚</span> <span class='ocrx_word' id='word_1_58' title='bbox 1856 1046 2056 1143; x_wconf 87' lang='lat' dir='ltr'>quod</span> <span class='ocrx_word' id='word_1_59' title='bbox 2108 1042 2449 1141; x_wconf 84' lang='lat' dir='ltr'>Aquinas</span> <span class='ocrx_word' id='word_1_60' title='bbox 2506 1044 2998 1122; x_wconf 82' lang='lat' dir='ltr'>elucubravit.</span> 
     </span>
    </p>

    <p class='ocr_par' dir='ltr' id='par_1_3' title="bbox 683 1144 3966 1954">
     <span class='ocr_line' id='line_1_8' title="bbox 868 1144 3966 1251; baseline 0.001 -22"><span class='ocrx_word' id='word_1_61' title='bbox 868 1155 1001 1229; x_wconf 91' lang='lat' dir='ltr'>IV.</span> <span class='ocrx_word' id='word_1_62' title='bbox 1057 1150 1522 1250; x_wconf 80' lang='lat' dir='ltr'>Ampliffima</span> <span class='ocrx_word' id='word_1_63' title='bbox 1576 1148 1655 1224; x_wconf 91' lang='lat' dir='ltr'>in</span> <span class='ocrx_word' id='word_1_64' title='bbox 1709 1149 1847 1224; x_wconf 72' lang='lat' dir='ltr'>hoc</span> <span class='ocrx_word' id='word_1_65' title='bbox 1901 1148 2114 1245; x_wconf 88' lang='lat' dir='ltr'>Opus</span> <span class='ocrx_word' id='word_1_66' title='bbox 2153 1199 2181 1239; x_wconf 81' lang='lat'>,</span> <span class='ocrx_word' id='word_1_67' title='bbox 2247 1168 2401 1241; x_wconf 92' lang='lat' dir='ltr'>quo</span> <span class='ocrx_word' id='word_1_68' title='bbox 2452 1144 2541 1220; x_wconf 89' lang='lat' dir='ltr'>de</span> <span class='ocrx_word' id='word_1_69' title='bbox 2595 1147 2883 1246; x_wconf 85' lang='lat' dir='ltr'>agimus</span> <span class='ocrx_word' id='word_1_70' title='bbox 2914 1198 2941 1241; x_wconf 81' lang='lat'>.,</span> <span class='ocrx_word' id='word_1_71' title='bbox 3016 1149 3572 1230; x_wconf 79' lang='lat' dir='ltr'>commentaria</span> <span class='ocrx_word' id='word_1_72' title='bbox 3610 1206 3636 1248; x_wconf 84' lang='lat'>‚</span> <span class='ocrx_word' id='word_1_73' title='bbox 3691 1149 3966 1251; x_wconf 75' lang='lat' dir='ltr'>scripsit</span> 
     </span>
     <span class='ocr_line' id='line_1_9' title="bbox 753 1245 3952 1352; baseline -0.002 -19"><span class='ocrx_word' id='word_1_74' title='bbox 753 1251 1182 1333; x_wconf 73' lang='lat' dir='ltr'>franciscus</span> <span class='ocrx_word' id='word_1_75' title='bbox 1235 1248 1592 1352; x_wconf 80' lang='lat' dir='ltr'>Sylvester</span> <span class='ocrx_word' id='word_1_76' title='bbox 1629 1302 1658 1344; x_wconf 79' lang='lat'>,</span> <span class='ocrx_word' id='word_1_77' title='bbox 1712 1247 1992 1346; x_wconf 80' lang='lat' dir='ltr'>patria,</span> <span class='ocrx_word' id='word_1_78' title='bbox 2044 1246 2114 1322; x_wconf 77' lang='lat'>8&lt;</span> <span class='ocrx_word' id='word_1_79' title='bbox 2171 1245 2554 1344; x_wconf 83' lang='lat' dir='ltr'>religionis</span> <span class='ocrx_word' id='word_1_80' title='bbox 2605 1246 3036 1346; x_wconf 72' lang='lat' dir='ltr'>professione</span> <span class='ocrx_word' id='word_1_81' title='bbox 3092 1252 3559 1331; x_wconf 73' lang='lat' dir='ltr'>ferrariensis</span> <span class='ocrx_word' id='word_1_82' title='bbox 3597 1308 3626 1349; x_wconf 83' lang='lat'>‚</span> <span class='ocrx_word' id='word_1_83' title='bbox 3701 1253 3952 1352; x_wconf 82' lang='lat' dir='ltr'>Magi-</span> 
     </span>
     <span class='ocr_line' id='line_1_10' title="bbox 756 1346 3961 1451; baseline -0.001 -18"><span class='ocrx_word' id='word_1_84' title='bbox 756 1355 893 1433; x_wconf 83' lang='lat' dir='ltr'>ster</span> <span class='ocrx_word' id='word_1_85' title='bbox 948 1355 1174 1432; x_wconf 83' lang='lat' dir='ltr'>etiam</span> <span class='ocrx_word' id='word_1_86' title='bbox 1248 1349 1631 1430; x_wconf 84' lang='lat' dir='ltr'>Generalis</span> <span class='ocrx_word' id='word_1_87' title='bbox 1702 1348 1924 1425; x_wconf 90' lang='lat' dir='ltr'>totius</span> <span class='ocrx_word' id='word_1_88' title='bbox 1979 1346 2286 1425; x_wconf 89' lang='lat' dir='ltr'>Ordinis</span> <span class='ocrx_word' id='word_1_89' title='bbox 2360 1348 2922 1426; x_wconf 78' lang='lat' dir='ltr'>Praedicatorum</span> <span class='ocrx_word' id='word_1_90' title='bbox 2959 1405 2988 1446; x_wconf 87' lang='lat'>‚</span> <span class='ocrx_word' id='word_1_91' title='bbox 3069 1375 3267 1428; x_wconf 86' lang='lat' dir='ltr'>anno</span> <span class='ocrx_word' id='word_1_92' title='bbox 3334 1379 3547 1451; x_wconf 78' lang='lat'>1525.</span> <span class='ocrx_word' id='word_1_93' title='bbox 3603 1352 3878 1431; x_wconf 50' lang='lat' dir='ltr'>elesius</span> <span class='ocrx_word' id='word_1_94' title='bbox 3938 1411 3961 1431; x_wconf 91' lang='lat'>.</span> 
     </span>
     <span class='ocr_line' id='line_1_11' title="bbox 683 1447 3959 1551; baseline 0 -16"><span class='ocrx_word' id='word_1_95' title='bbox 683 1541 687 1544; x_wconf 54' lang='grc'>,</span> <span class='ocrx_word' id='word_1_96' title='bbox 760 1459 1051 1536; x_wconf 84' lang='lat' dir='ltr'>Eadem</span> <span class='ocrx_word' id='word_1_97' title='bbox 1104 1453 1604 1551; x_wconf 85' lang='lat' dir='ltr'>compleverat</span> <span class='ocrx_word' id='word_1_98' title='bbox 1656 1447 1940 1529; x_wconf 64' lang='lat' dir='ltr'>Aufior</span> <span class='ocrx_word' id='word_1_99' title='bbox 1972 1503 2001 1544; x_wconf 87' lang='lat'>‚</span> <span class='ocrx_word' id='word_1_100' title='bbox 2071 1448 2144 1525; x_wconf 75' lang='lat'>8&lt;</span> <span class='ocrx_word' id='word_1_101' title='bbox 2198 1447 2575 1526; x_wconf 88' lang='lat' dir='ltr'>Clementi</span> <span class='ocrx_word' id='word_1_102' title='bbox 2656 1454 2827 1529; x_wconf 85' lang='lat' dir='ltr'>Vll.</span> <span class='ocrx_word' id='word_1_103' title='bbox 2882 1451 3221 1530; x_wconf 87' lang='lat' dir='ltr'>Pontifici</span> <span class='ocrx_word' id='word_1_104' title='bbox 3277 1455 3630 1532; x_wconf 80' lang='lat' dir='ltr'>Maximo</span> <span class='ocrx_word' id='word_1_105' title='bbox 3681 1481 3959 1535; x_wconf 88' lang='lat' dir='ltr'>nuncu-</span> 
     </span>
     <span class='ocr_line' id='line_1_12' title="bbox 718 1548 3963 1657; baseline 0 -24"><span class='ocrx_word' id='word_1_106' title='bbox 718 1571 1060 1657; x_wconf 81' lang='lat' dir='ltr'>paverat</span> <span class='ocrx_word' id='word_1_107' title='bbox 1114 1552 1495 1648; x_wconf 82' lang='lat' dir='ltr'>Bononiae‚</span> <span class='ocrx_word' id='word_1_108' title='bbox 1549 1550 1893 1629; x_wconf 79' lang='lat' dir='ltr'>Calendis</span> <span class='ocrx_word' id='word_1_109' title='bbox 1943 1548 2339 1628; x_wconf 79' lang='lat' dir='ltr'>Sextilibus</span> <span class='ocrx_word' id='word_1_110' title='bbox 2391 1559 2833 1629; x_wconf 84' lang='lat' dir='ltr'><strong><em>MDXXIII.</em></strong></span> <span class='ocrx_word' id='word_1_111' title='bbox 2865 1576 3018 1652; x_wconf 89' lang='lat' dir='ltr'>quo</span> <span class='ocrx_word' id='word_1_112' title='bbox 3055 1555 3372 1634; x_wconf 88' lang='lat' dir='ltr'>Venetiis</span> <span class='ocrx_word' id='word_1_113' title='bbox 3423 1554 3758 1656; x_wconf 81' lang='lat' dir='ltr'>impreffa</span> <span class='ocrx_word' id='word_1_114' title='bbox 3792 1548 3963 1655; x_wconf 85' lang='lat' dir='ltr'>fue-</span> 
     </span>
     <span class='ocr_line' id='line_1_13' title="bbox 751 1648 3962 1761; baseline -0.001 -22"><span class='ocrx_word' id='word_1_115' title='bbox 751 1687 839 1739; x_wconf 78' lang='lat' dir='ltr'>re</span> <span class='ocrx_word' id='word_1_116' title='bbox 866 1656 1172 1755; x_wconf 87' lang='lat' dir='ltr'>summa</span> <span class='ocrx_word' id='word_1_117' title='bbox 1237 1653 1638 1755; x_wconf 83' lang='lat' dir='ltr'>diligentia</span> <span class='ocrx_word' id='word_1_118' title='bbox 1677 1707 1704 1750; x_wconf 87' lang='lat'>‚</span> <span class='ocrx_word' id='word_1_119' title='bbox 1773 1652 1869 1729; x_wconf 63' lang='lat' dir='ltr'>O*</span> <span class='ocrx_word' id='word_1_120' title='bbox 1943 1680 2028 1730; x_wconf 81' lang='lat' dir='ltr'>ex</span> <span class='ocrx_word' id='word_1_121' title='bbox 2079 1648 2257 1750; x_wconf 80' lang='lat' dir='ltr'>ensis</span> <span class='ocrx_word' id='word_1_122' title='bbox 2325 1649 2613 1730; x_wconf 82' lang='lat' dir='ltr'>Nobilis</span> <span class='ocrx_word' id='word_1_123' title='bbox 2682 1653 2843 1730; x_wconf 84' lang='lat' dir='ltr'>Viri</span> <span class='ocrx_word' id='word_1_124' title='bbox 2917 1663 3018 1733; x_wconf 91' lang='lat' dir='ltr'>D.</span> <span class='ocrx_word' id='word_1_125' title='bbox 3075 1663 3282 1734; x_wconf 83' lang='lat' dir='ltr'>Lucae</span> <span class='ocrx_word' id='word_1_126' title='bbox 3350 1656 3669 1736; x_wconf 84' lang='lat' dir='ltr'>Antonii</span> <span class='ocrx_word' id='word_1_127' title='bbox 3701 1667 3962 1761; x_wconf 84' lang='lat' dir='ltr'>sunta</span> 
     </span>
     <span class='ocr_line' id='line_1_14' title="bbox 746 1750 3961 1842; baseline -0 -2"><span class='ocrx_word' id='word_1_128' title='bbox 746 1758 1173 1840; x_wconf 71' lang='lat' dir='ltr'>Flonentini</span> <span class='ocrx_word' id='word_1_129' title='bbox 1222 1758 1347 1837; x_wconf 88' lang='lat' dir='ltr'>die</span> <span class='ocrx_word' id='word_1_130' title='bbox 1408 1783 1518 1833; x_wconf 92' lang='lat' dir='ltr'>1o.</span> <span class='ocrx_word' id='word_1_131' title='bbox 1577 1750 1894 1834; x_wconf 71' lang='lat' dir='ltr'>OHobris</span> <span class='ocrx_word' id='word_1_132' title='bbox 1945 1751 2021 1832; x_wconf 93' lang='lat' dir='ltr'>fo</span> <span class='ocrx_word' id='word_1_133' title='bbox 2050 1808 2070 1829; x_wconf 90' lang='lat'>.</span> <span class='ocrx_word' id='word_1_134' title='bbox 2108 1750 2410 1831; x_wconf 89' lang='lat' dir='ltr'>Titulus</span> <span class='ocrx_word' id='word_1_135' title='bbox 2463 1753 2602 1830; x_wconf 88' lang='lat' dir='ltr'>est:</span> <span class='ocrx_word' id='word_1_136' title='bbox 2656 1752 2912 1833; x_wconf 72' lang='lat' dir='ltr'>SanHi</span> <span class='ocrx_word' id='word_1_137' title='bbox 2964 1757 3261 1835; x_wconf 80' lang='lat' dir='ltr'>Thomae</span> <span class='ocrx_word' id='word_1_138' title='bbox 3323 1785 3574 1838; x_wconf 87' lang='lat' dir='ltr'>contra</span> <span class='ocrx_word' id='word_1_139' title='bbox 3628 1760 3961 1842; x_wconf 78' lang='lat' dir='ltr'>Gentiles</span> 
     </span>
     <span class='ocr_line' id='line_1_15' title="bbox 744 1851 3382 1954; baseline -0.002 -13"><span class='ocrx_word' id='word_1_140' title='bbox 744 1888 913 1941; x_wconf 81' lang='lat' dir='ltr'>cum</span> <span class='ocrx_word' id='word_1_141' title='bbox 966 1857 1530 1938; x_wconf 84' lang='lat' dir='ltr'>Commentariis</span> <span class='ocrx_word' id='word_1_142' title='bbox 1581 1865 1647 1934; x_wconf 88' lang='lat' dir='ltr'><em>F</em></span> <span class='ocrx_word' id='word_1_143' title='bbox 1649 1852 1951 1953; x_wconf 88' lang='lat' dir='ltr'>rancisci</span> <span class='ocrx_word' id='word_1_144' title='bbox 2006 1851 2487 1954; x_wconf 85' lang='lat' dir='ltr'>Ferrariensts</span> <span class='ocrx_word' id='word_1_145' title='bbox 2542 1855 2717 1932; x_wconf 85' lang='lat' dir='ltr'>Ord.</span> <span class='ocrx_word' id='word_1_146' title='bbox 2773 1857 3335 1940; x_wconf 83' lang='lat' dir='ltr'>Praedicatorum</span> <span class='ocrx_word' id='word_1_147' title='bbox 3363 1917 3382 1937; x_wconf 92' lang='lat'>.</span> 
     </span>
    </p>

    <p class='ocr_par' dir='ltr' id='par_1_4' title="bbox 652 1957 3953 2063">
     <span class='ocr_line' id='line_1_16' title="bbox 652 1957 3953 2063; baseline 0 -22"><span class='ocrx_word' id='word_1_148' title='bbox 652 2059 656 2063; x_wconf 83' lang='lat'>.</span> <span class='ocrx_word' id='word_1_149' title='bbox 855 1965 1077 2041; x_wconf 87' lang='lat' dir='ltr'>Hanc</span> <span class='ocrx_word' id='word_1_150' title='bbox 1133 1961 1488 2060; x_wconf 80' lang='lat' dir='ltr'>ignorasse</span> <span class='ocrx_word' id='word_1_151' title='bbox 1540 1958 1950 2036; x_wconf 87' lang='lat' dir='ltr'>editionem</span> <span class='ocrx_word' id='word_1_152' title='bbox 2004 1957 2291 2035; x_wconf 88' lang='lat' dir='ltr'>videtur</span> <span class='ocrx_word' id='word_1_153' title='bbox 2347 1959 2658 2054; x_wconf 86' lang='lat' dir='ltr'>Jacobus</span> <span class='ocrx_word' id='word_1_154' title='bbox 2732 1958 3106 2038; x_wconf 87' lang='lat' dir='ltr'>Echardus</span> <span class='ocrx_word' id='word_1_155' title='bbox 3152 2016 3181 2057; x_wconf 88' lang='lat'>‚</span> <span class='ocrx_word' id='word_1_156' title='bbox 3245 1961 3447 2058; x_wconf 87' lang='lat' dir='ltr'>cujus</span> <span class='ocrx_word' id='word_1_157' title='bbox 3518 1961 3670 2041; x_wconf 86' lang='lat' dir='ltr'>haec</span> <span class='ocrx_word' id='word_1_158' title='bbox 3725 1964 3953 2042; x_wconf 87' lang='lat' dir='ltr'>verba</span> 
     </span>
    </p>

    <p class='ocr_par' dir='ltr' id='par_1_5' title="bbox 746 2057 3961 2978">
     <span class='ocr_line' id='line_1_17' title="bbox 748 2057 3958 2162; baseline -0 -21"><span class='ocrx_word' id='word_1_159' title='bbox 748 2064 919 2143; x_wconf 85' lang='lat' dir='ltr'>sunt</span> <span class='ocrx_word' id='word_1_160' title='bbox 968 2063 1073 2141; x_wconf 79' lang='lat' dir='ltr'>,in</span> <span class='ocrx_word' id='word_1_161' title='bbox 1142 2063 1417 2161; x_wconf 89' lang='lat' dir='ltr'>Elogio</span> <span class='ocrx_word' id='word_1_162' title='bbox 1490 2059 1761 2137; x_wconf 85' lang='lat' dir='ltr'>laudati</span> <span class='ocrx_word' id='word_1_163' title='bbox 1814 2057 2159 2160; x_wconf 85' lang='lat' dir='ltr'>Sylvestri</span> <span class='ocrx_word' id='word_1_164' title='bbox 2210 2111 2261 2152; x_wconf 87' lang='lat'>„</span> <span class='ocrx_word' id='word_1_165' title='bbox 2330 2058 2764 2135; x_wconf 86' lang='lat' dir='ltr'>Prodierunt</span> <span class='ocrx_word' id='word_1_166' title='bbox 2830 2060 2857 2156; x_wconf 98' lang='lat'>(</span> <span class='ocrx_word' id='word_1_167' title='bbox 2909 2063 3465 2140; x_wconf 71' lang='lat' dir='ltr'>Commentario.</span> <span class='ocrx_word' id='word_1_168' title='bbox 3516 2061 3543 2157; x_wconf 93' lang='lat'><em>)</em></span> <span class='ocrx_word' id='word_1_169' title='bbox 3628 2064 3724 2139; x_wconf 85' lang='lat' dir='ltr'>ab</span> <span class='ocrx_word' id='word_1_170' title='bbox 3801 2064 3958 2162; x_wconf 83' lang='lat' dir='ltr'>ejus</span> 
     </span>
     <span class='ocr_line' id='line_1_18' title="bbox 753 2157 3961 2264; baseline 0.001 -23"><span class='ocrx_word' id='word_1_171' title='bbox 753 2216 811 2264; x_wconf 82' lang='lat'>„</span> <span class='ocrx_word' id='word_1_172' title='bbox 861 2182 1102 2241; x_wconf 89' lang='lat' dir='ltr'>morte</span> <span class='ocrx_word' id='word_1_173' title='bbox 1135 2218 1161 2260; x_wconf 89' lang='lat'>‚</span> <span class='ocrx_word' id='word_1_174' title='bbox 1209 2163 1237 2259; x_wconf 96' lang='lat'>(</span> <span class='ocrx_word' id='word_1_175' title='bbox 1289 2188 1448 2261; x_wconf 80' lang='lat' dir='ltr'>quae</span> <span class='ocrx_word' id='word_1_176' title='bbox 1500 2158 1767 2238; x_wconf 87' lang='lat' dir='ltr'>accidit</span> <span class='ocrx_word' id='word_1_177' title='bbox 1819 2182 2019 2236; x_wconf 85' lang='lat' dir='ltr'>anno</span> <span class='ocrx_word' id='word_1_178' title='bbox 2083 2163 2297 2252; x_wconf 78' lang='lat'>1528.</span> <span class='ocrx_word' id='word_1_179' title='bbox 2353 2158 2382 2254; x_wconf 95' lang='lat'><em>)</em></span> <span class='ocrx_word' id='word_1_180' title='bbox 2435 2157 2721 2235; x_wconf 85' lang='lat' dir='ltr'>seorsim</span> <span class='ocrx_word' id='word_1_181' title='bbox 2757 2212 2784 2253; x_wconf 92' lang='lat'>‚</span> <span class='ocrx_word' id='word_1_182' title='bbox 2852 2159 2927 2236; x_wconf 82' lang='lat'>8&lt;</span> <span class='ocrx_word' id='word_1_183' title='bbox 2998 2159 3145 2238; x_wconf 87' lang='lat' dir='ltr'>fine</span> <span class='ocrx_word' id='word_1_184' title='bbox 3216 2181 3417 2242; x_wconf 87' lang='lat' dir='ltr'>textu</span> <span class='ocrx_word' id='word_1_185' title='bbox 3483 2166 3555 2241; x_wconf 87' lang='lat' dir='ltr'>S.</span> <span class='ocrx_word' id='word_1_186' title='bbox 3608 2162 3961 2243; x_wconf 57' lang='lat' dir='ltr'>Dokio&#39;ris</span> 
     </span>
     <span class='ocr_line' id='line_1_19' title="bbox 749 2258 3959 2366; baseline 0.001 -23"><span class='ocrx_word' id='word_1_187' title='bbox 749 2319 809 2366; x_wconf 83' lang='lat'>„</span> <span class='ocrx_word' id='word_1_188' title='bbox 859 2263 1145 2343; x_wconf 81' lang='lat' dir='ltr'>Parisiis</span> <span class='ocrx_word' id='word_1_189' title='bbox 1208 2287 1421 2360; x_wconf 76' lang='lat'>¹552·</span> <span class='ocrx_word' id='word_1_190' title='bbox 1495 2261 1578 2338; x_wconf 91' lang='lat' dir='ltr'>in</span> <span class='ocrx_word' id='word_1_191' title='bbox 1654 2258 1778 2339; x_wconf 88' lang='lat' dir='ltr'>sol.</span> <span class='ocrx_word' id='word_1_192' title='bbox 1852 2258 2195 2357; x_wconf 87' lang='lat' dir='ltr'>Lugduni</span> <span class='ocrx_word' id='word_1_193' title='bbox 2281 2263 2496 2356; x_wconf 79' lang='lat'>1567.</span> <span class='ocrx_word' id='word_1_194' title='bbox 2577 2258 2652 2335; x_wconf 73' lang='lat'>8&lt;</span> <span class='ocrx_word' id='word_1_195' title='bbox 2702 2262 3126 2360; x_wconf 83' lang='lat' dir='ltr'>Antverpiae</span> <span class='ocrx_word' id='word_1_196' title='bbox 3206 2270 3422 2360; x_wconf 82' lang='lat'>1568.</span> <span class='ocrx_word' id='word_1_197' title='bbox 3493 2262 3732 2363; x_wconf 56' lang='lat' dir='ltr'>pdiea</span> <span class='ocrx_word' id='word_1_198' title='bbox 3781 2291 3959 2345; x_wconf 88' lang='lat' dir='ltr'>cum</span> 
     </span>
     <span class='ocr_line' id='line_1_20' title="bbox 747 2359 3951 2542; baseline 0 -97"><span class='ocrx_word' id='word_1_199' title='bbox 747 2419 807 2467; x_wconf 67' lang='lat'>9,</span> <span class='ocrx_word' id='word_1_200' title='bbox 857 2368 927 2446; x_wconf 87' lang='lat' dir='ltr'>S.</span> <span class='ocrx_word' id='word_1_201' title='bbox 981 2365 1300 2444; x_wconf 78' lang='lat' dir='ltr'>Thomae</span> <span class='ocrx_word' id='word_1_202' title='bbox 1351 2367 1686 2462; x_wconf 89' lang='lat' dir='ltr'>Operum</span> <span class='ocrx_word' id='word_1_203' title='bbox 1741 2359 2191 2439; x_wconf 89' lang='lat' dir='ltr'>editionibus</span> <span class='ocrx_word' id='word_1_204' title='bbox 2242 2360 2705 2475; x_wconf 55' lang='lat' dir='ltr'>generalibus</span> <span class='ocrx_word' id='word_1_205' title='bbox 2737 2363 3180 2542; x_wconf 48' lang='grc' dir='ltr'><strong>ΤοπιἏῃΙΧ.</strong></span> <span class='ocrx_word' id='word_1_206' title='bbox 3215 2389 3388 2442; x_wconf 92' lang='lat' dir='ltr'>cum</span> <span class='ocrx_word' id='word_1_207' title='bbox 3442 2363 3592 2465; x_wconf 89' lang='lat' dir='ltr'>ipsa</span> <span class='ocrx_word' id='word_1_208' title='bbox 3644 2373 3951 2446; x_wconf 82' lang='lat' dir='ltr'>Summa</span> 
     </span>
     <span class='ocr_line' id='line_1_21' title="bbox 748 2460 3955 2569; baseline 0 -22"><span class='ocrx_word' id='word_1_209' title='bbox 748 2522 807 2569; x_wconf 83' lang='lat'>,‚</span> <span class='ocrx_word' id='word_1_210' title='bbox 855 2481 1112 2547; x_wconf 88' lang='lat' dir='ltr'>contra</span> <span class='ocrx_word' id='word_1_211' title='bbox 1162 2469 1441 2546; x_wconf 89' lang='lat' dir='ltr'>Gentes</span> <span class='ocrx_word' id='word_1_212' title='bbox 1469 2522 1488 2540; x_wconf 93' lang='lat'>.</span> <span class='ocrx_word' id='word_1_213' title='bbox 1540 2463 1593 2508; x_wconf 71' lang='lat'>‘⁴</span> <span class='ocrx_word' id='word_1_214' title='bbox 1646 2468 1737 2542; x_wconf 90' lang='lat' dir='ltr'>In</span> <span class='ocrx_word' id='word_1_215' title='bbox 1794 2466 2081 2540; x_wconf 90' lang='lat' dir='ltr'>Veneta</span> <span class='ocrx_word' id='word_1_216' title='bbox 2134 2460 2430 2539; x_wconf 87' lang='lat' dir='ltr'>laudata</span> <span class='ocrx_word' id='word_1_217' title='bbox 2487 2463 2857 2560; x_wconf 79' lang='lat' dir='ltr'>editione,</span> <span class='ocrx_word' id='word_1_218' title='bbox 2909 2490 2954 2564; x_wconf 96' lang='lat' dir='ltr'>p</span> <span class='ocrx_word' id='word_1_219' title='bbox 3117 2466 3592 2555; x_wconf 71' lang='lat' dir='ltr'>ferrariensis</span> <span class='ocrx_word' id='word_1_220' title='bbox 3645 2472 3955 2549; x_wconf 87' lang='lat' dir='ltr'>Nuncu·</span> 
     </span>
     <span class='ocr_line' id='line_1_22' title="bbox 747 2562 3956 2672; baseline 0 -24"><span class='ocrx_word' id='word_1_221' title='bbox 747 2569 1115 2672; x_wconf 84' lang='lat' dir='ltr'>patoriam</span> <span class='ocrx_word' id='word_1_222' title='bbox 1141 2624 1171 2665; x_wconf 88' lang='lat'>‚</span> <span class='ocrx_word' id='word_1_223' title='bbox 1242 2565 1512 2669; x_wconf 85' lang='lat' dir='ltr'>prostat</span> <span class='ocrx_word' id='word_1_224' title='bbox 1597 2569 1710 2665; x_wconf 90' lang='lat' dir='ltr'>Jo.</span> <span class='ocrx_word' id='word_1_225' title='bbox 1780 2562 2113 2665; x_wconf 83' lang='lat' dir='ltr'>Baptistae</span> <span class='ocrx_word' id='word_1_226' title='bbox 2198 2563 2507 2662; x_wconf 86' lang='lat' dir='ltr'>Egnatii</span> <span class='ocrx_word' id='word_1_227' title='bbox 2584 2563 2909 2661; x_wconf 88' lang='lat' dir='ltr'>Epistola</span> <span class='ocrx_word' id='word_1_228' title='bbox 2978 2567 3069 2643; x_wconf 83' lang='lat' dir='ltr'>ad</span> <span class='ocrx_word' id='word_1_229' title='bbox 3141 2566 3531 2647; x_wconf 66' lang='lat' dir='ltr'>Lestorem</span> <span class='ocrx_word' id='word_1_230' title='bbox 3565 2624 3600 2666; x_wconf 82' lang='grc'>,</span> <span class='ocrx_word' id='word_1_231' title='bbox 3662 2571 3790 2648; x_wconf 89' lang='lat' dir='ltr'>ubi</span> <span class='ocrx_word' id='word_1_232' title='bbox 3858 2572 3956 2649; x_wconf 87' lang='lat' dir='ltr'>de</span> 
     </span>
     <span class='ocr_line' id='line_1_23' title="bbox 746 2662 3955 2772; baseline -0.001 -18"><span class='ocrx_word' id='word_1_233' title='bbox 746 2671 1153 2772; x_wconf 84' lang='lat' dir='ltr'>Aquinatis</span> <span class='ocrx_word' id='word_1_234' title='bbox 1204 2675 1452 2771; x_wconf 85' lang='lat' dir='ltr'>Opere</span> <span class='ocrx_word' id='word_1_235' title='bbox 1503 2667 1600 2749; x_wconf 87' lang='lat' dir='ltr'>fic</span> <span class='ocrx_word' id='word_1_236' title='bbox 1653 2666 2093 2767; x_wconf 88' lang='lat' dir='ltr'>pronunciat</span> <span class='ocrx_word' id='word_1_237' title='bbox 2146 2665 2290 2743; x_wconf 91' lang='lat' dir='ltr'>Vir</span> <span class='ocrx_word' id='word_1_238' title='bbox 2341 2662 2832 2743; x_wconf 72' lang='lat' dir='ltr'>dofflffimus:</span> <span class='ocrx_word' id='word_1_239' title='bbox 2890 2667 3107 2770; x_wconf 74' lang='lat' dir='ltr'>‚Quod</span> <span class='ocrx_word' id='word_1_240' title='bbox 3159 2681 3350 2770; x_wconf 86' lang='lat' dir='ltr'>Opus</span> <span class='ocrx_word' id='word_1_241' title='bbox 3402 2671 3503 2748; x_wconf 86' lang='lat' dir='ltr'>ad</span> <span class='ocrx_word' id='word_1_242' title='bbox 3552 2672 3955 2750; x_wconf 84' lang='lat' dir='ltr'>multorum</span> 
     </span>
     <span class='ocr_line' id='line_1_24' title="bbox 750 2763 3955 2946; baseline -0.001 -91"><span class='ocrx_word' id='word_1_243' title='bbox 750 2782 1099 2855; x_wconf 81' lang='lat' dir='ltr'>Veterum</span> <span class='ocrx_word' id='word_1_244' title='bbox 1149 2770 1556 2875; x_wconf 74' lang='lat' dir='ltr'>exemplum</span> <span class='ocrx_word' id='word_1_245' title='bbox 1606 2766 2085 2871; x_wconf 80' lang='lat' dir='ltr'>conscriptum</span> <span class='ocrx_word' id='word_1_246' title='bbox 2106 2763 2278 2946; x_wconf 62' lang='lat' dir='ltr'><em>‚dfic</em></span> <span class='ocrx_word' id='word_1_247' title='bbox 2310 2764 2547 2866; x_wconf 83' lang='lat' dir='ltr'>facile</span> <span class='ocrx_word' id='word_1_248' title='bbox 2596 2766 2910 2867; x_wconf 76' lang='lat' dir='ltr'>excellit,</span> <span class='ocrx_word' id='word_1_249' title='bbox 2929 2792 3016 2847; x_wconf 87' lang='lat' dir='ltr'>ut</span> <span class='ocrx_word' id='word_1_250' title='bbox 3063 2798 3195 2850; x_wconf 87' lang='lat' dir='ltr'>nec</span> <span class='ocrx_word' id='word_1_251' title='bbox 3245 2770 3505 2869; x_wconf 75' lang='lat' dir='ltr'>cneci,</span> <span class='ocrx_word' id='word_1_252' title='bbox 3525 2801 3654 2853; x_wconf 90' lang='lat' dir='ltr'>nec</span> <span class='ocrx_word' id='word_1_253' title='bbox 3703 2771 3955 2874; x_wconf 73' lang='lat' dir='ltr'>nostri,</span> 
     </span>
     <span class='ocr_line' id='line_1_25' title="bbox 747 2866 3942 2978; baseline 0.001 -27"><span class='ocrx_word' id='word_1_254' title='bbox 747 2876 1183 2978; x_wconf 69' lang='lat' dir='ltr'>quicumque</span> <span class='ocrx_word' id='word_1_255' title='bbox 1235 2874 1314 2953; x_wconf 88' lang='lat' dir='ltr'>in</span> <span class='ocrx_word' id='word_1_256' title='bbox 1367 2873 1493 2952; x_wconf 88' lang='lat' dir='ltr'>hoc</span> <span class='ocrx_word' id='word_1_257' title='bbox 1540 2870 1890 2952; x_wconf 82' lang='lat' dir='ltr'>curriculo</span> <span class='ocrx_word' id='word_1_258' title='bbox 1943 2869 2115 2968; x_wconf 86' lang='lat' dir='ltr'>desu</span> <span class='ocrx_word' id='word_1_259' title='bbox 2171 2868 2421 2967; x_wconf 77' lang='lat' dir='ltr'>arim,</span> <span class='ocrx_word' id='word_1_260' title='bbox 2468 2866 2783 2967; x_wconf 79' lang='lat' dir='ltr'>conferri</span> <span class='ocrx_word' id='word_1_261' title='bbox 2833 2898 2996 2950; x_wconf 89' lang='lat' dir='ltr'>cum</span> <span class='ocrx_word' id='word_1_262' title='bbox 3049 2872 3260 2978; x_wconf 62' lang='lat' dir='ltr'>Divo</span> <span class='ocrx_word' id='word_1_263' title='bbox 3315 2875 3597 2953; x_wconf 82' lang='lat' dir='ltr'>Thema</span> <span class='ocrx_word' id='word_1_264' title='bbox 3638 2874 3942 2975; x_wconf 84' lang='lat' dir='ltr'>poffint.</span> 
     </span>
    </p>

    <p class='ocr_par' dir='ltr' id='par_1_6' title="bbox 741 2969 3956 3864">
     <span class='ocr_line' id='line_1_26' title="bbox 854 2969 3949 3075; baseline 0 -21"><span class='ocrx_word' id='word_1_265' title='bbox 854 2977 1129 3075; x_wconf 86' lang='lat' dir='ltr'>Operis</span> <span class='ocrx_word' id='word_1_266' title='bbox 1179 2975 1537 3055; x_wconf 90' lang='lat' dir='ltr'>editiones</span> <span class='ocrx_word' id='word_1_267' title='bbox 1589 2973 1769 3052; x_wconf 87' lang='lat' dir='ltr'>alias</span> <span class='ocrx_word' id='word_1_268' title='bbox 1797 3029 1827 3070; x_wconf 87' lang='lat'>‚</span> <span class='ocrx_word' id='word_1_269' title='bbox 1875 2995 2033 3071; x_wconf 84' lang='lat' dir='ltr'>quae</span> <span class='ocrx_word' id='word_1_270' title='bbox 2087 2989 2436 3070; x_wconf 87' lang='lat' dir='ltr'>typorum</span> <span class='ocrx_word' id='word_1_271' title='bbox 2489 2969 2852 3051; x_wconf 87' lang='lat' dir='ltr'>beneficio</span> <span class='ocrx_word' id='word_1_272' title='bbox 2900 2995 3167 3053; x_wconf 82' lang='lat' dir='ltr'>curatae</span> <span class='ocrx_word' id='word_1_273' title='bbox 3220 2974 3383 3054; x_wconf 91' lang='lat' dir='ltr'>sunt</span> <span class='ocrx_word' id='word_1_274' title='bbox 3420 3033 3448 3075; x_wconf 85' lang='lat'>‚</span> <span class='ocrx_word' id='word_1_275' title='bbox 3516 2999 3651 3054; x_wconf 91' lang='lat' dir='ltr'>nec</span> <span class='ocrx_word' id='word_1_276' title='bbox 3702 3002 3949 3074; x_wconf 69' lang='lat' dir='ltr'>reom-</span> 
     </span>
     <span class='ocr_line' id='line_1_27' title="bbox 749 3072 3946 3183; baseline 0 -26"><span class='ocrx_word' id='word_1_277' title='bbox 749 3077 906 3157; x_wconf 84' lang='lat' dir='ltr'>sere</span> <span class='ocrx_word' id='word_1_278' title='bbox 952 3093 1083 3155; x_wconf 85' lang='lat' dir='ltr'>aut</span> <span class='ocrx_word' id='word_1_279' title='bbox 1127 3101 1434 3170; x_wconf 86' lang='lat' dir='ltr'>omnes,</span> <span class='ocrx_word' id='word_1_280' title='bbox 1485 3093 1614 3154; x_wconf 87' lang='lat' dir='ltr'>aut</span> <span class='ocrx_word' id='word_1_281' title='bbox 1665 3073 2057 3174; x_wconf 79' lang='lat' dir='ltr'>praecipuas</span> <span class='ocrx_word' id='word_1_282' title='bbox 2109 3072 2283 3150; x_wconf 92' lang='lat' dir='ltr'>licet</span> <span class='ocrx_word' id='word_1_283' title='bbox 2324 3128 2352 3168; x_wconf 83' lang='lat'>‚</span> <span class='ocrx_word' id='word_1_284' title='bbox 2402 3097 2535 3151; x_wconf 91' lang='lat' dir='ltr'>nec</span> <span class='ocrx_word' id='word_1_285' title='bbox 2588 3089 2804 3153; x_wconf 87' lang='lat' dir='ltr'>vacat</span> <span class='ocrx_word' id='word_1_286' title='bbox 2836 3131 2854 3151; x_wconf 90' lang='lat'>.</span> <span class='ocrx_word' id='word_1_287' title='bbox 2926 3079 3348 3155; x_wconf 86' lang='lat' dir='ltr'>Echardum</span> <span class='ocrx_word' id='word_1_288' title='bbox 3398 3078 3731 3157; x_wconf 89' lang='lat' dir='ltr'>consule.</span> <span class='ocrx_word' id='word_1_289' title='bbox 3787 3083 3946 3183; x_wconf 89' lang='lat' dir='ltr'>Ty-</span> 
     </span>
     <span class='ocr_line' id='line_1_28' title="bbox 744 3173 3940 3281; baseline 0.002 -27"><span class='ocrx_word' id='word_1_290' title='bbox 744 3177 1195 3281; x_wconf 78' lang='lat' dir='ltr'>pographica</span> <span class='ocrx_word' id='word_1_291' title='bbox 1254 3179 1568 3275; x_wconf 84' lang='lat' dir='ltr'>menda,</span> <span class='ocrx_word' id='word_1_292' title='bbox 1618 3201 1781 3276; x_wconf 81' lang='lat' dir='ltr'>quae</span> <span class='ocrx_word' id='word_1_293' title='bbox 1832 3174 2227 3274; x_wconf 84' lang='lat' dir='ltr'>praesertim</span> <span class='ocrx_word' id='word_1_294' title='bbox 2281 3173 2360 3250; x_wconf 91' lang='lat' dir='ltr'>in</span> <span class='ocrx_word' id='word_1_295' title='bbox 2415 3178 2783 3254; x_wconf 83' lang='lat' dir='ltr'>Venetam</span> <span class='ocrx_word' id='word_1_296' title='bbox 2810 3177 2985 3255; x_wconf 85' lang='lat' dir='ltr'>anni</span> <span class='ocrx_word' id='word_1_297' title='bbox 3051 3181 3192 3275; x_wconf 77' lang='lat'>1&#39;59</span> <span class='ocrx_word' id='word_1_298' title='bbox 3249 3236 3266 3255; x_wconf 92' lang='lat'>.</span> <span class='ocrx_word' id='word_1_299' title='bbox 3326 3175 3732 3260; x_wconf 87' lang='lat' dir='ltr'>editionem</span> <span class='ocrx_word' id='word_1_300' title='bbox 3787 3184 3940 3259; x_wconf 90' lang='lat' dir='ltr'>Do·</span> 
     </span>
     <span class='ocr_line' id='line_1_29' title="bbox 744 3207 3946 3379; baseline 0.001 -21"><span class='ocrx_word' id='word_1_301' title='bbox 744 3280 1015 3358; x_wconf 88' lang='lat' dir='ltr'>minici</span> <span class='ocrx_word' id='word_1_302' title='bbox 1073 3280 1413 3358; x_wconf 85' lang='lat' dir='ltr'>Nicolini</span> <span class='ocrx_word' id='word_1_303' title='bbox 1467 3278 1948 3379; x_wconf 86' lang='lat' dir='ltr'>irrepserunt,</span> <span class='ocrx_word' id='word_1_304' title='bbox 1989 3275 2423 3375; x_wconf 85' lang='lat' dir='ltr'>corrigenda</span> <span class='ocrx_word' id='word_1_305' title='bbox 2481 3277 2827 3377; x_wconf 89' lang='lat' dir='ltr'>proponit</span> <span class='ocrx_word' id='word_1_306' title='bbox 2903 3207 3353 3379; x_wconf 54' lang='lat' dir='ltr'>Reginaidus</span> <span class='ocrx_word' id='word_1_307' title='bbox 3409 3283 3809 3362; x_wconf 88' lang='lat' dir='ltr'>Lucarinus</span> <span class='ocrx_word' id='word_1_308' title='bbox 3862 3283 3946 3360; x_wconf 89' lang='lat' dir='ltr'>in</span> 
     </span>
     <span class='ocr_line' id='line_1_30' title="bbox 744 3376 3948 3478; baseline -0 -18"><span class='ocrx_word' id='word_1_309' title='bbox 744 3381 891 3461; x_wconf 75' lang='lat' dir='ltr'>suis</span> <span class='ocrx_word' id='word_1_310' title='bbox 945 3380 1025 3460; x_wconf 90' lang='lat' dir='ltr'>in</span> <span class='ocrx_word' id='word_1_311' title='bbox 1077 3385 1409 3461; x_wconf 67' lang='lat' dir='ltr'>Textum</span> <span class='ocrx_word' id='word_1_312' title='bbox 1480 3380 1667 3459; x_wconf 91' lang='lat' dir='ltr'>Divi</span> <span class='ocrx_word' id='word_1_313' title='bbox 1738 3380 2055 3456; x_wconf 79' lang='lat' dir='ltr'>Thomae</span> <span class='ocrx_word' id='word_1_314' title='bbox 2122 3376 2944 3460; x_wconf 82' lang='lat' dir='ltr'>Animadversionibus.</span> <span class='ocrx_word' id='word_1_315' title='bbox 3019 3385 3266 3460; x_wconf 85' lang='lat' dir='ltr'>Laude</span> <span class='ocrx_word' id='word_1_316' title='bbox 3336 3384 3650 3478; x_wconf 84' lang='lat' dir='ltr'>dignum</span> <span class='ocrx_word' id='word_1_317' title='bbox 3721 3382 3948 3460; x_wconf 86' lang='lat' dir='ltr'>confi-</span> 
     </span>
     <span class='ocr_line' id='line_1_31' title="bbox 741 3478 3946 3583; baseline -0.001 -21"><span class='ocrx_word' id='word_1_318' title='bbox 741 3482 940 3562; x_wconf 77' lang='lat' dir='ltr'>lium</span> <span class='ocrx_word' id='word_1_319' title='bbox 992 3481 1187 3583; x_wconf 82' lang='lat' dir='ltr'>ejus,</span> <span class='ocrx_word' id='word_1_320' title='bbox 1238 3502 1322 3563; x_wconf 89' lang='lat' dir='ltr'>ut</span> <span class='ocrx_word' id='word_1_321' title='bbox 1374 3484 1631 3561; x_wconf 89' lang='lat' dir='ltr'>eadem</span> <span class='ocrx_word' id='word_1_322' title='bbox 1684 3481 2060 3559; x_wconf 87' lang='lat' dir='ltr'>utentibus</span> <span class='ocrx_word' id='word_1_323' title='bbox 2114 3478 2580 3576; x_wconf 85' lang='lat' dir='ltr'>impreffione</span> <span class='ocrx_word' id='word_1_324' title='bbox 2633 3481 2880 3578; x_wconf 81' lang='lat' dir='ltr'>praesto</span> <span class='ocrx_word' id='word_1_325' title='bbox 2933 3481 3178 3559; x_wconf 89' lang='lat' dir='ltr'>forent</span> <span class='ocrx_word' id='word_1_326' title='bbox 3218 3485 3657 3559; x_wconf 89' lang='lat' dir='ltr'>mendorum</span> <span class='ocrx_word' id='word_1_327' title='bbox 3710 3506 3946 3560; x_wconf 88' lang='lat' dir='ltr'>corre-</span> 
     </span>
     <span class='ocr_line' id='line_1_32' title="bbox 745 3580 3956 3684; baseline -0 -20"><span class='ocrx_word' id='word_1_328' title='bbox 745 3581 1070 3664; x_wconf 65' lang='lat' dir='ltr'>&amp;ionest</span> <span class='ocrx_word' id='word_1_329' title='bbox 1120 3602 1202 3664; x_wconf 88' lang='lat' dir='ltr'>at</span> <span class='ocrx_word' id='word_1_330' title='bbox 1249 3609 1428 3684; x_wconf 89' lang='lat' dir='ltr'>pace</span> <span class='ocrx_word' id='word_1_331' title='bbox 1484 3582 1655 3663; x_wconf 87' lang='lat' dir='ltr'>Viri</span> <span class='ocrx_word' id='word_1_332' title='bbox 1688 3580 2079 3659; x_wconf 76' lang='lat' dir='ltr'>Clarissimi</span> <span class='ocrx_word' id='word_1_333' title='bbox 2132 3582 2691 3673; x_wconf 81' lang='lat' dir='ltr'>adnotaverim‚</span> <span class='ocrx_word' id='word_1_334' title='bbox 2743 3581 3001 3679; x_wconf 88' lang='lat' dir='ltr'>aliqua</span> <span class='ocrx_word' id='word_1_335' title='bbox 3038 3582 3303 3657; x_wconf 82' lang='lat' dir='ltr'>menda</span> <span class='ocrx_word' id='word_1_336' title='bbox 3356 3607 3510 3659; x_wconf 89' lang='lat' dir='ltr'>non</span> <span class='ocrx_word' id='word_1_337' title='bbox 3560 3583 3747 3680; x_wconf 88' lang='lat' dir='ltr'>esse,</span> <span class='ocrx_word' id='word_1_338' title='bbox 3800 3583 3956 3663; x_wconf 70' lang='lat' dir='ltr'>alia</span> 
     </span>
     <span class='ocr_line' id='line_1_33' title="bbox 749 3679 3942 3861; baseline -0.001 -98"><span class='ocrx_word' id='word_1_339' title='bbox 749 3680 1073 3766; x_wconf 66' lang='lat' dir='ltr'>corresta</span> <span class='ocrx_word' id='word_1_340' title='bbox 1145 3686 1458 3861; x_wconf 67' lang='lat' dir='ltr'>prostalre</span> <span class='ocrx_word' id='word_1_341' title='bbox 1526 3684 1605 3772; x_wconf 77' lang='lat' dir='ltr'>in</span> <span class='ocrx_word' id='word_1_342' title='bbox 1680 3680 1962 3779; x_wconf 70' lang='lat' dir='ltr'>adjeao</span> <span class='ocrx_word' id='word_1_343' title='bbox 2044 3684 2106 3758; x_wconf 90' lang='lat' dir='ltr'>F</span> <span class='ocrx_word' id='word_1_344' title='bbox 2109 3679 2414 3758; x_wconf 84' lang='lat' dir='ltr'>rancisci</span> <span class='ocrx_word' id='word_1_345' title='bbox 2483 3683 2546 3756; x_wconf 87' lang='lat' dir='ltr'>F</span> <span class='ocrx_word' id='word_1_346' title='bbox 2548 3679 2955 3759; x_wconf 86' lang='lat' dir='ltr'>errariensis</span> <span class='ocrx_word' id='word_1_347' title='bbox 3024 3682 3590 3762; x_wconf 86' lang='lat' dir='ltr'>Commentario</span> <span class='ocrx_word' id='word_1_348' title='bbox 3624 3738 3652 3783; x_wconf 84' lang='lat'>‚</span> <span class='ocrx_word' id='word_1_349' title='bbox 3727 3681 3942 3763; x_wconf 86' lang='lat' dir='ltr'>aliter</span> 
     </span>
     <span class='ocr_line' id='line_1_34' title="bbox 746 3786 1525 3864; baseline -0.006 0"><span class='ocrx_word' id='word_1_350' title='bbox 746 3787 937 3864; x_wconf 76' lang='lat' dir='ltr'>torri</span> <span class='ocrx_word' id='word_1_351' title='bbox 997 3786 1021 3863; x_wconf 89' lang='lat' dir='ltr'>i</span> <span class='ocrx_word' id='word_1_352' title='bbox 1125 3789 1268 3863; x_wconf 84' lang='lat' dir='ltr'>osse</span> <span class='ocrx_word' id='word_1_353' title='bbox 1321 3786 1465 3864; x_wconf 85' lang='lat' dir='ltr'>aia</span> <span class='ocrx_word' id='word_1_354' title='bbox 1506 3839 1525 3859; x_wconf 92' lang='lat'>.</span> 
     </span>
    </p>

    <p class='ocr_par' dir='ltr' id='par_1_7' title="bbox 736 3810 3944 4391">
     <span class='ocr_line' id='line_1_35' title="bbox 853 3810 3933 3986; baseline -0.001 -19"><span class='ocrx_word' id='word_1_355' title='bbox 853 3810 1239 3967; x_wconf 58' lang='lat' dir='ltr'>Ngnnliilla</span> <span class='ocrx_word' id='word_1_356' title='bbox 1295 3884 1581 3985; x_wconf 89' lang='lat' dir='ltr'>profero</span> <span class='ocrx_word' id='word_1_357' title='bbox 1633 3880 1971 3980; x_wconf 80' lang='lat' dir='ltr'>exempla</span> <span class='ocrx_word' id='word_1_358' title='bbox 2016 3935 2035 3955; x_wconf 91' lang='lat'>.</span> <span class='ocrx_word' id='word_1_359' title='bbox 2104 3881 2329 3979; x_wconf 90' lang='lat' dir='ltr'>Apud</span> <span class='ocrx_word' id='word_1_360' title='bbox 2399 3880 2847 3968; x_wconf 85' lang='lat' dir='ltr'>Lucarinum</span> <span class='ocrx_word' id='word_1_361' title='bbox 2885 3910 2908 3962; x_wconf 9' lang='lat' dir='ltr'>r:</span> <span class='ocrx_word' id='word_1_362' title='bbox 2961 3938 3015 3984; x_wconf 85' lang='lat'>‚,</span> <span class='ocrx_word' id='word_1_363' title='bbox 3066 3883 3295 3964; x_wconf 90' lang='lat' dir='ltr'>Libro</span> <span class='ocrx_word' id='word_1_364' title='bbox 3358 3912 3419 3963; x_wconf 90' lang='lat'>1.</span> <span class='ocrx_word' id='word_1_365' title='bbox 3491 3885 3758 3986; x_wconf 88' lang='lat' dir='ltr'>Capite</span> <span class='ocrx_word' id='word_1_366' title='bbox 3815 3893 3933 3986; x_wconf 89' lang='grc'>85.</span> 
     </span>
     <span class='ocr_line' id='line_1_36' title="bbox 737 3980 3944 4086; baseline -0 -20"><span class='ocrx_word' id='word_1_367' title='bbox 737 3996 798 4086; x_wconf 77' lang='grc'>’,,</span> <span class='ocrx_word' id='word_1_368' title='bbox 848 3987 930 4066; x_wconf 86' lang='lat' dir='ltr'>in</span> <span class='ocrx_word' id='word_1_369' title='bbox 980 3986 1168 4065; x_wconf 86' lang='lat' dir='ltr'>fine:</span> <span class='ocrx_word' id='word_1_370' title='bbox 1218 3986 1358 4066; x_wconf 85' lang='lat' dir='ltr'>baec</span> <span class='ocrx_word' id='word_1_371' title='bbox 1406 4007 1652 4064; x_wconf 84' lang='lat' dir='ltr'>autem</span> <span class='ocrx_word' id='word_1_372' title='bbox 1703 3981 2026 4063; x_wconf 78' lang='lat' dir='ltr'>excludit</span> <span class='ocrx_word' id='word_1_373' title='bbox 2074 3980 2654 4082; x_wconf 84' lang='lat' dir='ltr'>contingentiam</span> <span class='ocrx_word' id='word_1_374' title='bbox 2674 4042 2692 4061; x_wconf 97' lang='lat'>.</span> <span class='ocrx_word' id='word_1_375' title='bbox 2744 3990 2994 4086; x_wconf 72' lang='lat' dir='ltr'>Lege:</span> <span class='ocrx_word' id='word_1_376' title='bbox 3045 3987 3188 4066; x_wconf 80' lang='lat' dir='ltr'>baec</span> <span class='ocrx_word' id='word_1_377' title='bbox 3219 4009 3464 4067; x_wconf 88' lang='lat' dir='ltr'>autem</span> <span class='ocrx_word' id='word_1_378' title='bbox 3494 3989 3665 4086; x_wconf 76' lang='lat' dir='ltr'>sola</span> <span class='ocrx_word' id='word_1_379' title='bbox 3714 3989 3944 4068; x_wconf 81' lang='lat' dir='ltr'>exclu-</span> 
     </span>
     <span class='ocr_line' id='line_1_37' title="bbox 736 4084 3936 4191; baseline 0 -23"><span class='ocrx_word' id='word_1_380' title='bbox 736 4088 902 4168; x_wconf 85' lang='lat' dir='ltr'>dit.</span> <span class='ocrx_word' id='word_1_381' title='bbox 955 4087 1009 4131; x_wconf 89' lang='lat'>“</span> <span class='ocrx_word' id='word_1_382' title='bbox 1059 4092 1345 4169; x_wconf 80' lang='lat' dir='ltr'>Textus</span> <span class='ocrx_word' id='word_1_383' title='bbox 1393 4086 1487 4166; x_wconf 86' lang='lat' dir='ltr'>fic</span> <span class='ocrx_word' id='word_1_384' title='bbox 1542 4086 1761 4166; x_wconf 86' lang='lat' dir='ltr'>habet</span> <span class='ocrx_word' id='word_1_385' title='bbox 1803 4114 1822 4164; x_wconf 90' lang='lat'><strong>:</strong></span> <span class='ocrx_word' id='word_1_386' title='bbox 1900 4095 2020 4166; x_wconf 74' lang='lat' dir='ltr'>Ex</span> <span class='ocrx_word' id='word_1_387' title='bbox 2066 4084 2459 4164; x_wconf 78' lang='lat' dir='ltr'>voluntate</span> <span class='ocrx_word' id='word_1_388' title='bbox 2511 4085 2747 4183; x_wconf 80' lang='lat' dir='ltr'>igitur</span> <span class='ocrx_word' id='word_1_389' title='bbox 2796 4088 3071 4168; x_wconf 86' lang='lat' dir='ltr'>divina</span> <span class='ocrx_word' id='word_1_390' title='bbox 3139 4117 3280 4167; x_wconf 83' lang='lat' dir='ltr'>non</span> <span class='ocrx_word' id='word_1_391' title='bbox 3319 4087 3559 4191; x_wconf 75' lang='lat' dir='ltr'>potest</span> <span class='ocrx_word' id='word_1_392' title='bbox 3608 4090 3936 4170; x_wconf 88' lang='lat' dir='ltr'>concludi</span> 
     </span>
     <span class='ocr_line' id='line_1_38' title="bbox 741 4182 3935 4294; baseline 0.001 -26"><span class='ocrx_word' id='word_1_393' title='bbox 741 4190 827 4268; x_wconf 82' lang='lat' dir='ltr'>in</span> <span class='ocrx_word' id='word_1_394' title='bbox 879 4193 1082 4270; x_wconf 83' lang='lat' dir='ltr'>rebus</span> <span class='ocrx_word' id='word_1_395' title='bbox 1146 4188 1408 4270; x_wconf 76' lang='lat' dir='ltr'>creatis</span> <span class='ocrx_word' id='word_1_396' title='bbox 1474 4189 1832 4284; x_wconf 83' lang='lat' dir='ltr'>neceffitas</span> <span class='ocrx_word' id='word_1_397' title='bbox 1898 4186 2224 4287; x_wconf 74' lang='lat' dir='ltr'>absoluta</span> <span class='ocrx_word' id='word_1_398' title='bbox 2264 4245 2285 4264; x_wconf 88' lang='lat'>.</span> <span class='ocrx_word' id='word_1_399' title='bbox 2370 4197 2535 4266; x_wconf 78' lang='lat' dir='ltr'>Haec</span> <span class='ocrx_word' id='word_1_400' title='bbox 2603 4212 2849 4267; x_wconf 86' lang='lat' dir='ltr'>autem</span> <span class='ocrx_word' id='word_1_401' title='bbox 2902 4189 3224 4269; x_wconf 78' lang='lat' dir='ltr'>excludit</span> <span class='ocrx_word' id='word_1_402' title='bbox 3271 4182 3858 4292; x_wconf 74' lang='lat' dir='ltr'>contingentiam</span> <span class='ocrx_word' id='word_1_403' title='bbox 3905 4249 3935 4294; x_wconf 85' lang='lat'><strong>‚</strong></span> 
     </span>
     <span class='ocr_line' id='line_1_39' title="bbox 741 4288 3244 4391; baseline -0.001 -21"><span class='ocrx_word' id='word_1_404' title='bbox 741 4289 1023 4370; x_wconf 75' lang='lat' dir='ltr'>{cilicet</span> <span class='ocrx_word' id='word_1_405' title='bbox 1071 4290 1213 4370; x_wconf 83' lang='lat' dir='ltr'>baec</span> <span class='ocrx_word' id='word_1_406' title='bbox 1257 4291 1616 4385; x_wconf 83' lang='lat' dir='ltr'>neceffitas</span> <span class='ocrx_word' id='word_1_407' title='bbox 1665 4288 2025 4388; x_wconf 74' lang='lat' dir='ltr'>absoluta.</span> <span class='ocrx_word' id='word_1_408' title='bbox 2082 4289 2289 4391; x_wconf 82' lang='lat' dir='ltr'>Quid</span> <span class='ocrx_word' id='word_1_409' title='bbox 2340 4314 2524 4386; x_wconf 83' lang='lat' dir='ltr'>opus</span> <span class='ocrx_word' id='word_1_410' title='bbox 2577 4307 2729 4368; x_wconf 83' lang='lat' dir='ltr'>erat</span> <span class='ocrx_word' id='word_1_411' title='bbox 2782 4318 2964 4370; x_wconf 89' lang='lat' dir='ltr'>voce</span> <span class='ocrx_word' id='word_1_412' title='bbox 2995 4292 3166 4389; x_wconf 75' lang='lat' dir='ltr'>sola</span> <span class='ocrx_word' id='word_1_413' title='bbox 3199 4299 3244 4367; x_wconf 67' lang='grc' dir='ltr'>,Ρ</span> 
     </span>
    </p>

    <p class='ocr_par' dir='ltr' id='par_1_8' title="bbox 721 4388 3939 4898">
     <span class='ocr_line' id='line_1_40' title="bbox 844 4388 3932 4496; baseline 0.003 -29"><span class='ocrx_word' id='word_1_414' title='bbox 844 4448 903 4490; x_wconf 79' lang='lat'>„</span> <span class='ocrx_word' id='word_1_415' title='bbox 948 4392 1180 4475; x_wconf 88' lang='lat' dir='ltr'>Libro</span> <span class='ocrx_word' id='word_1_416' title='bbox 1233 4420 1300 4470; x_wconf 82' lang='lat'>2.</span> <span class='ocrx_word' id='word_1_417' title='bbox 1334 4394 1617 4492; x_wconf 84' lang='lat' dir='ltr'>&#39;Capite</span> <span class='ocrx_word' id='word_1_418' title='bbox 1673 4420 1739 4470; x_wconf 88' lang='lat'>2.</span> <span class='ocrx_word' id='word_1_419' title='bbox 1792 4388 2175 4491; x_wconf 82' lang='lat' dir='ltr'>§.Primo</span> <span class='ocrx_word' id='word_1_420' title='bbox 2223 4391 2522 4490; x_wconf 89' lang='lat' dir='ltr'>quidem</span> <span class='ocrx_word' id='word_1_421' title='bbox 2580 4392 2658 4468; x_wconf 90' lang='lat' dir='ltr'>in</span> <span class='ocrx_word' id='word_1_422' title='bbox 2709 4391 2831 4469; x_wconf 86' lang='lat' dir='ltr'>fin.</span> <span class='ocrx_word' id='word_1_423' title='bbox 2870 4392 3025 4490; x_wconf 82' lang='lat' dir='ltr'>suae</span> <span class='ocrx_word' id='word_1_424' title='bbox 3057 4391 3585 4494; x_wconf 77' lang='lat' dir='ltr'>similitudinis</span> <span class='ocrx_word' id='word_1_425' title='bbox 3637 4393 3932 4496; x_wconf 82' lang='lat' dir='ltr'>impres-</span> 
     </span>
     <span class='ocr_line' id='line_1_41' title="bbox 721 4487 3939 4595; baseline 0 -21"><span class='ocrx_word' id='word_1_426' title='bbox 721 4493 899 4595; x_wconf 85' lang='lat' dir='ltr'>sam</span> <span class='ocrx_word' id='word_1_427' title='bbox 937 4550 956 4570; x_wconf 93' lang='lat'>.</span> <span class='ocrx_word' id='word_1_428' title='bbox 1009 4492 1259 4572; x_wconf 89' lang='lat' dir='ltr'>Alibi:</span> <span class='ocrx_word' id='word_1_429' title='bbox 1300 4493 1680 4593; x_wconf 85' lang='lat' dir='ltr'>sparsam.</span> <span class='ocrx_word' id='word_1_430' title='bbox 1731 4493 1786 4537; x_wconf 77' lang='lat'>‘⁵‘</span> <span class='ocrx_word' id='word_1_431' title='bbox 1835 4495 2118 4588; x_wconf 75' lang='lat' dir='ltr'>Textus</span> <span class='ocrx_word' id='word_1_432' title='bbox 2156 4519 2172 4564; x_wconf 76' lang='grc' dir='ltr'>ε</span> <span class='ocrx_word' id='word_1_433' title='bbox 2233 4500 2351 4569; x_wconf 79' lang='lat' dir='ltr'>Ex</span> <span class='ocrx_word' id='word_1_434' title='bbox 2387 4487 2758 4589; x_wconf 57' lang='lat' dir='ltr'>failor-um</span> <span class='ocrx_word' id='word_1_435' title='bbox 2813 4492 3386 4595; x_wconf 73' lang='lat' dir='ltr'>‘consideratione</span> <span class='ocrx_word' id='word_1_436' title='bbox 3436 4497 3780 4578; x_wconf 84' lang='lat' dir='ltr'>divinam</span> <span class='ocrx_word' id='word_1_437' title='bbox 3815 4499 3939 4592; x_wconf 88' lang='lat' dir='ltr'>sa-</span> 
     </span>
     <span class='ocr_line' id='line_1_42' title="bbox 726 4591 3933 4699; baseline 0 -26"><span class='ocrx_word' id='word_1_438' title='bbox 726 4592 1104 4699; x_wconf 76' lang='lat' dir='ltr'>pientiam</span> <span class='ocrx_word' id='word_1_439' title='bbox 1152 4594 1494 4695; x_wconf 83' lang='lat' dir='ltr'>colligere</span> <span class='ocrx_word' id='word_1_440' title='bbox 1530 4592 1938 4695; x_wconf 63' lang='lat' dir='ltr'>posumus,</span> <span class='ocrx_word' id='word_1_441' title='bbox 1968 4591 2167 4694; x_wconf 84' lang='lat' dir='ltr'>sicut</span> <span class='ocrx_word' id='word_1_442' title='bbox 2219 4591 2300 4670; x_wconf 89' lang='lat' dir='ltr'>in</span> <span class='ocrx_word' id='word_1_443' title='bbox 2351 4597 2558 4678; x_wconf 76' lang='lat' dir='ltr'>rebus</span> <span class='ocrx_word' id='word_1_444' title='bbox 2591 4592 2823 4691; x_wconf 63' lang='lat' dir='ltr'>fabiis</span> <span class='ocrx_word' id='word_1_445' title='bbox 2860 4613 2999 4697; x_wconf 78' lang='lat' dir='ltr'>per</span> <span class='ocrx_word' id='word_1_446' title='bbox 3033 4597 3425 4695; x_wconf 84' lang='lat' dir='ltr'>quamdam</span> <span class='ocrx_word' id='word_1_447' title='bbox 3461 4599 3933 4678; x_wconf 83' lang='lat' dir='ltr'>communica-</span> 
     </span>
     <span class='ocr_line' id='line_1_43' title="bbox 733 4692 3933 4801; baseline 0.001 -25"><span class='ocrx_word' id='word_1_448' title='bbox 733 4696 1009 4776; x_wconf 84' lang='lat' dir='ltr'>tionem</span> <span class='ocrx_word' id='word_1_449' title='bbox 1042 4693 1202 4794; x_wconf 83' lang='lat' dir='ltr'>suae</span> <span class='ocrx_word' id='word_1_450' title='bbox 1232 4692 1761 4797; x_wconf 83' lang='lat' dir='ltr'>similitudinis</span> <span class='ocrx_word' id='word_1_451' title='bbox 1812 4693 2263 4797; x_wconf 81' lang='lat' dir='ltr'>impreffam.</span> <span class='ocrx_word' id='word_1_452' title='bbox 2322 4698 2408 4771; x_wconf 92' lang='lat' dir='ltr'>In</span> <span class='ocrx_word' id='word_1_453' title='bbox 2450 4695 2830 4795; x_wconf 83' lang='lat' dir='ltr'>margine:</span> <span class='ocrx_word' id='word_1_454' title='bbox 2881 4696 3061 4777; x_wconf 82' lang='lat' dir='ltr'>alias</span> <span class='ocrx_word' id='word_1_455' title='bbox 3091 4695 3431 4801; x_wconf 76' lang='lat' dir='ltr'>sparsam</span> <span class='ocrx_word' id='word_1_456' title='bbox 3459 4757 3480 4777; x_wconf 91' lang='lat'>.</span> <span class='ocrx_word' id='word_1_457' title='bbox 3533 4702 3587 4744; x_wconf 75' lang='lat'>‘⁶</span> <span class='ocrx_word' id='word_1_458' title='bbox 3639 4700 3933 4779; x_wconf 84' lang='lat' dir='ltr'>Inutilis</span> 
     </span>
     <span class='ocr_line' id='line_1_44' title="bbox 735 4794 2185 4898; baseline -0.001 -22"><span class='ocrx_word' id='word_1_459' title='bbox 735 4822 920 4898; x_wconf 87' lang='lat' dir='ltr'>ergo</span> <span class='ocrx_word' id='word_1_460' title='bbox 970 4796 1318 4875; x_wconf 86' lang='lat' dir='ltr'>Lucarini</span> <span class='ocrx_word' id='word_1_461' title='bbox 1369 4794 1899 4875; x_wconf 82' lang='lat' dir='ltr'>animadversio</span> <span class='ocrx_word' id='word_1_462' title='bbox 1920 4850 1940 4874; x_wconf 90' lang='lat'>.</span> <span class='ocrx_word' id='word_1_463' title='bbox 2178 4857 2185 4862; x_wconf 79' lang='lat'>.</span> 
     </span>
    </p>

    <p class='ocr_par' dir='ltr' id='par_1_9' title="bbox 736 4894 3925 5184">
     <span class='ocr_line' id='line_1_45' title="bbox 838 4894 3924 5005; baseline -0.001 -26"><span class='ocrx_word' id='word_1_464' title='bbox 838 4953 896 4996; x_wconf 80' lang='lat'>‚‚</span> <span class='ocrx_word' id='word_1_465' title='bbox 946 4898 1177 4979; x_wconf 85' lang='lat' dir='ltr'>Libro</span> <span class='ocrx_word' id='word_1_466' title='bbox 1233 4925 1299 5000; x_wconf 87' lang='lat'>3.</span> <span class='ocrx_word' id='word_1_467' title='bbox 1332 4899 1617 4998; x_wconf 50' lang='lat' dir='ltr'>‘Capite</span> <span class='ocrx_word' id='word_1_468' title='bbox 1680 4922 1794 4995; x_wconf 84' lang='grc'>59.</span> <span class='ocrx_word' id='word_1_469' title='bbox 1848 4894 1917 4994; x_wconf 81' lang='lat'>§.</span> <span class='ocrx_word' id='word_1_470' title='bbox 1975 4896 2179 4990; x_wconf 67' lang='lat' dir='ltr'>Hinc</span> <span class='ocrx_word' id='word_1_471' title='bbox 2231 4894 2336 4974; x_wconf 79' lang='lat' dir='ltr'>est</span> <span class='ocrx_word' id='word_1_472' title='bbox 2387 4897 2583 4998; x_wconf 93' lang='lat' dir='ltr'>quod</span> <span class='ocrx_word' id='word_1_473' title='bbox 2650 4898 2919 4979; x_wconf 90' lang='lat' dir='ltr'>dicitur</span> <span class='ocrx_word' id='word_1_474' title='bbox 2971 4902 3114 5003; x_wconf 86' lang='lat' dir='ltr'>Job</span> <span class='ocrx_word' id='word_1_475' title='bbox 3177 4930 3286 4984; x_wconf 85' lang='lat'>11.</span> <span class='ocrx_word' id='word_1_476' title='bbox 3323 4902 3438 5005; x_wconf 75' lang='lat' dir='ltr'>sic</span> <span class='ocrx_word' id='word_1_477' title='bbox 3502 4901 3743 5001; x_wconf 86' lang='lat' dir='ltr'>igitur</span> <span class='ocrx_word' id='word_1_478' title='bbox 3792 4899 3924 4978; x_wconf 86' lang='lat' dir='ltr'>ali-</span> 
     </span>
     <span class='ocr_line' id='line_1_46' title="bbox 736 5000 3925 5184; baseline -0.001 -104"><span class='ocrx_word' id='word_1_479' title='bbox 736 5053 795 5103; x_wconf 76' lang='lat'>„</span> <span class='ocrx_word' id='word_1_480' title='bbox 838 5000 1006 5103; x_wconf 84' lang='lat' dir='ltr'>quis</span> <span class='ocrx_word' id='word_1_481' title='bbox 1075 5026 1320 5083; x_wconf 85' lang='lat' dir='ltr'>omnes</span> <span class='ocrx_word' id='word_1_482' title='bbox 1383 5000 1703 5084; x_wconf 79' lang='lat' dir='ltr'>rationes</span> <span class='ocrx_word' id='word_1_483' title='bbox 1753 5022 1999 5088; x_wconf 75' lang='lat' dir='ltr'>rerum</span> <span class='ocrx_word' id='word_1_484' title='bbox 2070 5021 2483 5080; x_wconf 76' lang='lat' dir='ltr'>creatarum</span> <span class='ocrx_word' id='word_1_485' title='bbox 2548 5002 3015 5105; x_wconf 68' lang='lat' dir='ltr'>cognolieret‚</span> <span class='ocrx_word' id='word_1_486' title='bbox 3043 5001 3124 5109; x_wconf 80' lang='lat' dir='ltr'><em>st</em></span> <span class='ocrx_word' id='word_1_487' title='bbox 3170 5001 3611 5106; x_wconf 63' lang='lat' dir='ltr'>cogmffce‘ret</span> <span class='ocrx_word' id='word_1_488' title='bbox 3678 5002 3925 5184; x_wconf 66' lang='lat' dir='ltr'>onbmia</span> 
     </span>
    </p>

    <p class='ocr_par' dir='ltr' id='par_1_10' title="bbox 3639 5131 3926 5206">
     <span class='ocr_line' id='line_1_47' title="bbox 3639 5131 3926 5206; baseline 0.003 -24"><span class='ocrx_word' id='word_1_489' title='bbox 3639 5159 3695 5206; x_wconf 80' lang='lat'>„</span> <span class='ocrx_word' id='word_1_490' title='bbox 3788 5131 3926 5184; x_wconf 72' lang='lat' dir='ltr'>ona</span> 
     </span>
    </p>
   </div>
  </div>
 </body>
</html>
