4597 5696
1354 314 1493 382 DE
1556 318 2133 392 VERITATE
2189 324 2916 397 CATHOLICAE
2975 332 3288 399 FIDEI

742 431 911 511 nuit
934 433 1498 512 commentator
1529 430 1609 508 in
1626 435 1722 511 ΙΙ.
1752 434 2038 538 Physic.
2063 436 2298 533 (com.
2407 432 2528 512 tiae
2568 430 2676 509 rei
2726 431 3113 531 completa*
3146 432 3413 512 notitia
3439 483 3461 510 0

742 533 939 614 lxxv.
992 532 1164 611 circ.
1218 530 1446 631 princ.
1501 531 1528 627 )
1582 535 1683 611 Et
1735 532 1832 611 est
1887 535 2054 614 talis
2077 592 2096 613 .
2151 542 2301 615 Im·
2506 534 2645 613 Sed
2697 534 2872 631 quia
2900 533 2981 611 in
3006 533 3585 613 consideratione
3635 530 3952 614 substan-

741 632 1077 735 poffibile
1131 631 1229 711 est
1283 631 1530 730 aliqua
1581 636 1945 714 contraria
1969 693 1995 732 ‚
2045 638 2120 715 8<
2156 637 2290 716 dis·
2396 633 2513 711 tiae
2592 633 2878 712 divinae‘
2936 659 3088 710 non
3170 635 3542 733 possumus
3619 635 3948 735 accipere

738 731 1071 814 sonantia
1123 733 1222 812 in·
1254 756 1489 812 unum
1535 736 1869 814 ordinem
1908 739 2294 816 concorda·
2399 732 2580 846 quid
2629 733 2837 833 quasi
2889 758 3117 833 genus
3147 794 3174 832 ,
3209 759 3345 812 nec
3400 731 3947 814 distinffionem

735 857 826 914 τε
876 835 1208 935 semper,
1255 833 1379 912 vel
1432 831 1701 933 pluries
1733 889 1760 932 ‚
1790 839 1937 916 nisi
1989 835 2295 937 alicujus
2397 859 2549 930 ejus
2626 835 2721 910 ab
2792 834 2957 911 aliis
3035 836 3246 911 rebus
3299 857 3426 933 per
3476 836 3950 923 affirmativas

674 1000 681 1006 .
735 935 1275 1033 gubernatione
1328 987 1355 1029 ,
1417 958 1510 1013 ex
1578 962 1723 1035 qua
1800 939 2143 1018 omnibus
2219 939 2296 1015 8<
2400 933 2842 1012 differentias
2892 935 3215 1031 accipere
3271 936 3681 1031 possumus3
3733 961 3954 1034 opor-

728 337 825 380 ‚20

744 1033 1060 1134 singulis
1110 1033 1454 1114 tribuitur
1482 1053 1563 1116 ut
1589 1039 1678 1118 ad
1728 1053 2010 1118 certum
2062 1037 2291 1116 finem
2337 1062 2342 1069 ’
2393 1050 2502 1112 tet
2523 1058 2686 1111 eam
2716 1034 3042 1133 accipere
3088 1059 3218 1133 per
3252 1033 3691 1114 differentias
3730 1060 3946 1135 nega-

743 1135 1049 1214 tendant
1070 1191 1089 1211 .
1142 1136 1284 1215 Sed
1336 1135 1416 1213 in
1468 1139 1745 1218 mundo
1793 1142 2129 1219 videmus
2181 1163 2332 1217 res·
2385 1134 2614 1213 tivaS.
2673 1134 2877 1214 Sicut
2929 1151 3176 1213 autem
3205 1134 3287 1211 in
3312 1134 3770 1231 affirmativis
3809 1134 3944 1214 dis·

742 1234 1197 1314 diversarum
1249 1253 1672 1316 naturarum
1725 1241 1804 1317 in
1826 1266 2057 1318 unum
2097 1240 2283 1318 ordi·

739 1359 923 1412 nem
939 1338 1414 1415 =concordare
1440 1391 1466 1431 ‚
1517 1364 1666 1417 non
1719 1357 1801 1418 ut
1850 1366 2011 1419 raro
2037 1396 2064 1436 ‚
2115 1340 2187 1418 8<
2240 1367 2284 1420 a

740 1437 910 1512 casu
939 1490 968 1529 ‚
1020 1437 1139 1513 sed
1189 1452 1272 1512 ut
1323 1436 1650 1537 semper,
1700 1441 1822 1519 vel
1875 1442 1953 1517 in
2020 1440 2282 1536 majori

734 1552 943 1633 parte
971 1593 988 1610 .
1046 1538 1362 1634 Oportet
1421 1563 1597 1637 ergo
1649 1542 1788 1619 esse
1836 1540 2115 1639 aliquid
2166 1567 2283 1619 cu-

737 1635 852 1730 jus
905 1636 1364 1736 providentia
1415 1643 1725 1720 mundus
1776 1644 2217 1740 gubernetur
2254 1694 2282 1739 ‚

731 1734 810 1812 8<
860 1736 1006 1815 hoc
1052 1733 1362 1814 dicimus
1418 1743 1663 1819 Deum
1703 1798 1721 1817 .

690 1892 695 1895 -
1042 1854 1098 1916 c
1184 1855 1242 1917 A
1334 1854 1381 1914 P
1469 1853 1525 1913 u
1615 1849 1677 1908 T
1801 1847 1984 1909 x1v.

819 1934 996 2021 Quod
1032 1933 1112 1995 ad
1149 1936 1531 2025 cognitionem·
1552 1929 1666 2025 Dfi
1704 1946 1902 2009 oportet
1953 1929 2044 1989 uti
2096 1928 2203 1989 via

1336 2031 1679 2075 remonon&-

933 2130 1188 2210 Stenso
1256 2131 1483 2230 igitur
1558 2127 1755 2226 quod
1832 2123 1931 2200 est
1982 2126 2282 2224 aliquod

981 2232 1306 2330 primum
1360 2254 1485 2307 ens
1518 2285 1543 2322 ‚
1597 2226 1792 2326 quod
1862 2227 2106 2337 Deum
2180 2226 2277 2302 di-

731 2328 969 2408 cimus
1013 2385 1040 2425 ,
1112 2346 1399 2431 oportet
1470 2328 1621 2430 ejus
1672 2327 2124 2406 conditiones
2176 2326 2280 2402 in-

733 2429 913 2509 vesti
966 2454 1087 2509 are
1109 2488 1129 2508 .

838 2534 906 2609 E
1021 2548 1268 2611 autern
1296 2529 1421 2608 via
1445 2526 1873 2609 remotionis
1898 2528 2275 2624 utendum,

728 2632 1114 2734 praecipue
1195 2632 1276 2710 in
1351 2629 1927 2711 consideratione
2004 2628 2269 2707 divinae

730 2732 1134 2815 substantiae
1184 2790 1207 2811 .
1286 2735 1493 2812 Nam
1561 2732 1813 2810 divina
1889 2729 2274 2808 substantia

727 2860 1033 2912 omnem
1068 2834 1386 2914 formam
1425 2859 1651 2934 quam,
1682 2828 2092 2910 intellectus
2146 2855 2270 2909 no-

727 2932 866 3011 ster
918 2936 1240 3033 attingit,
1270 2937 1392 3010 sua
1424 2934 1938 3011 immensitate
1965 2932 2270 3022 excedit3

725 3032 800 3110 8<
853 3033 958 3110 sic
1010 3035 1236 3131 ipsam
1288 3035 1817 3132 apprehendere
1892 3055 2043 3108 non
2113 3031 2268 3129 pos-

722 3132 970 3211 sumus
1021 3133 1521 3245 cognoscendo
1572 3134 1749 3231 quid
1800 3131 1898 3210 est
1922 3187 1947 3227 ‚
1971 3131 2087 3208 sed
2139 3130 2266 3209 ali-

722 3235 1020 3332 qualem
1074 3259 1227 3330 ejus
1275 3235 1623 3314 habemus
1677 3233 2019 3311 notitiam
2068 3287 2095 3328 ‚
2147 3258 2264 3311 co-

704 3334 1135 3434 gnoscendo
1173 3339 1368 3433 quod
1393 3360 1543 3412 non
1567 3332 1702 3411 est.
1758 3337 2008 3411 Tanto
2059 3334 2263 3411 enim

720 3433 875 3533 ejus
926 3435 1207 3514 notitia:
1256 3436 1495 3535 magis
1548 3433 2211 3533 appropinquamus
2233 3488 2259 3529 ‚

714 3554 1001 3635 ‚quanto
1026 3537 1231 3635 plura
1257 3562 1383 3636 per
1433 3535 1888 3614 intellectum
1939 3533 2261 3612 nostrum

717 3638 813 3714 ab
884 3662 973 3715 eo
1048 3639 1445 3735 poterimus
1533 3659 1908 3713 removere
1962 3660 1979 3709 :
2059 3652 2262 3713 tanto

719 3738 924 3812 enim
965 3741 1541 3836 unumquodque
1584 3734 1967 3834 perfectius
1994 3758 2261 3828 cogno·

714 3835 980 3913 scirrms
1030 3889 1056 3931 ‚
1134 3852 1410 3934 quanto
1483 3833 1919 3912 differentias
1970 3831 2121 3930 ejus
2171 3833 2262 3908 ad

713 3935 860 4013 alia
910 3936 1193 4036 plenius
1247 3937 1617 4015 intuemur
1658 3961 1675 4010 ε
1742 3933 1974 4012 habet
2026 3933 2257 4009 enim

710 4053 827 4114 res
879 4062 1328 4137 unaquaeque
1404 4037 1486 4114 in
1569 4037 1661 4114 se·
1715 4032 1864 4132 ipsa
1913 4033 2261 4148 effipro-

717 4138 963 4237 prium
1015 4141 1109 4217 ab
1162 4139 1505 4218 omnibus
1557 4135 1720 4215 aliis
1797 4133 2256 4214 distinctum.

612 4297 617 4302 -
720 4240 965 4316 Unde.
993 4241 1066 4318 8<
1118 4241 1197 4317 in
1251 4242 1486 4319 rebus·
1517 4262 1825 4340 quarum
1877 4233 2256 4314 diffinitio-

650 4339 655 4342 ’
702 4362 841 4420 ,nes
876 4341 1378 4438 cognoscimus
1430 4343 1671 4440 primo
1717 4363 1836 4415 eas
1889 4337 1969 4414 in
1991 4359 2255 4433 genere

712 4439 1202 4538 collocamuS,
1228 4465 1358 4540 per
1381 4443 1578 4540 quod
1629 4440 1893 4534 scimus
1946 4439 2027 4514 in
2050 4461 2245 4514 com·
2272 4461 2293 4478 ’-

714 4542 926 4619 muni
981 4541 1157 4640 quid
1207 4541 1361 4638 est‚·
1412 4545 1483 4619 8<
1537 4539 1994 4642 postmodum
2047 4536 2250 4615 diffe-
2290 4581 2302 4590 -

713 4644 978 4722 rentias
1029 4641 1384 4738 addimus,
1409 4642 1673 4739 quibus
1726 4665 1769 4716 a
1819 4641 2030 4730 rebus
2084 4637 2248 4718 aliis

704 4743 1187 4851 ‘distinguatur
1207 4740 1331 4838 32&
1368 4740 1473 4819 sic
1510 4740 1885 4844 perficitur
1938 4738 2249 4820 substan-

2385 1233 2710 1314 ferentiis
2761 1261 2906 1312 una
2955 1236 3179 1312 aliam
3231 1236 3599 1314 contrahit
3626 1291 3650 1329 ‚
3678 1236 3751 1314 8(
3791 1261 3943 1315 ma·

2383 1336 2498 1435 gis
2547 1338 2640 1414 ad
2689 1333 3132 1435 completam
3183 1334 3765 1433 designationem
3833 1337 3942 1416 rei

2386 1437 2740 1550 appropin
2795 1452 2918 1513 uat
2946 1486 2975 1529 ,
3024 1436 3416 1515 secundum
3466 1439 3662 1533 quod
3700 1462 3744 1512 a
3788 1438 3945 1535 plu-

2384 1537 2583 1613 ribus
2635 1535 2708 1613 di
2771 1560 2924 1613 erre
2975 1532 3153 1613 facit
3197 1563 3222 1628 3
3258 1538 3362 1614 ita
3412 1561 3562 1613 una
3610 1535 3944 1616 differen-

2385 1638 2488 1714 tia
2539 1635 2879 1734 negativa
2931 1660 3058 1734 per
3107 1634 3329 1713 aliam
3409 1637 3861 1716 contrahitur
3911 1690 3942 1735 ,

2384 1759 2544 1834 quae
2597 1761 2638 1811 a
2690 1735 3023 1834 pluribus
3073 1736 3363 1814 differre
3416 1733 3590 1817 facit
3639 1765 3658 1813 ε
3740 1739 3936 1817 sicut

2384 1837 2449 1913 si
2501 1832 2823 1914 dicamus
2883 1841 3127 1913 Deum
3180 1862 3330 1915 non
3383 1838 3522 1914 esse
3573 1839 3937 1938 accidenS,

2384 1960 2515 2034 per
2566 1936 2705 2013 hoc
2758 1938 2955 2035 quod
3005 1937 3102 2013 ab
3149 1937 3493 2014 omnibus
3546 1939 3933 2016 accidenti-

2383 2038 2515 2113 bus
2568 2036 3026 2134 distinguitur
3084 2063 3101 2110 :
3156 2037 3414 2112 deinde
3469 2036 3530 2130 si
3583 2040 3932 2116 addamus

2384 2135 2621 2231 ipsum
2672 2160 2823 2210 non
2875 2137 3012 2210 esse
3065 2159 3371 2233 corpus,
3408 2133 3931 2233 distinguemus

2383 2233 2620 2331 ipsum
2669 2231 2895 2309 etiam
2944 2236 3052 2311 ab·
3087 2232 3452 2333 aliquibus
3496 2232 3929 2326 substantiis3

2381 2336 2452 2409 8<
2506 2331 2612 2409 sic
2666 2357 2793 2431 per
2844 2334 3174 2411 ordinem
3203 2334 3294 2410 ab
3323 2334 3530 2410 omni
3583 2359 3673 2412 eo
3726 2338 3926 2434 quod

2380 2432 2480 2511 est
2535 2452 2787 2531 praeter
2841 2433 3073 2531 ipsum
3104 2488 3127 2529 ‚
3154 2458 3282 2532 per
3318 2434 3741 2532 negationes
3795 2437 3925 2516 hu-

2374 2532 2688 2630 jusmodi>
2733 2530 3249 2631 distinguetur:
3280 2536 3351 2612 8<
3398 2554 3569 2613 tunc
3624 2537 3711 2613 de
3764 2537 3923 2615 sub-

2372 2633 2629 2712 stantia
2680 2631 2830 2729 ejus
2882 2636 3020 2714 erit
3071 2635 3360 2735 propria
3410 2636 3924 2734 consideratio,

2371 2760 2543 2813 cum
2593 2734 3062 2833 cognoscetur
3114 2753 3193 2813 ut
3244 2737 3337 2813 ab
3422 2736 3764 2814 omnibus
3817 2738 3921 2814 di-

2374 2835 2670 2914 stinctus
2725 2887 2750 2929 ,
2831 2862 2981 2913 non
3063 2857 3311 2914 tamen
3385 2837 3523 2916 erit
3598 2835 3920 2936 perfecta

2371 2938 2703 3114 cogpitio
2726 2988 2753 3029 ,
2805 2937 2996 3037 quia,
3030 2962 3182 3015 non
3231 2938 3704 3036 cognoscetur
3738 2938 3920 3039 quid

2374 3062 2456 3114 m
2534 3063 2576 3114 e
2626 3053 2724 3115 sit
2749 3092 2770 3113 .

2473 3138 2595 3216 Ad
2643 3139 3175 3237 procedendum
3228 3136 3453 3239 igitur
3500 3137 3694 3218 circa
3766 3135 3916 3218 Dei

2364 3236 2863 3337 cognitionem
2932 3264 3060 3338 per
3131 3240 3332 3317 viam
3405 3240 3834 3318 remotionis
3884 3291 3917 3336 ‚

2364 3340 2518 3419 acci
2571 3338 2804 3417 iamus
2878 3341 3318 3440 principium
3364 3396 3391 3436 ‚
3469 3341 3497 3437 (
3572 3341 3648 3418 id
3714 3342 3914 3436 quod

2365 3467 2455 3519 ex
2536 3440 2989 3540 uperioribus
3041 3441 3188 3536 jam
3239 3440 3717 3519 monstratum
3753 3439 3852 3514 est
3874 3440 3912 3536 )

2366 3540 2637 3620 scilicet
2714 3544 2909 3639 quod
2987 3545 3186 3618 Deus
3263 3541 3359 3619 sit
3410 3539 3719 3615 omnino
3769 3537 3908 3632 im-⁴

2362 3641 2715 3728 mobilis;
2788 3642 2986 3737 quod
3061 3640 3286 3718 etiam
3361 3637 3744 3715 auctoritas
3810 3636 3914 3714 sa·-

2362 3765 2499 3817 crae
2541 3738 2924 3836 Scripturae
2938 3736 3326 3816 confirmat
3352 3763 3370 3811 :
3399 3737 3663 3815 dicitur
3701 3738 3906 3816 enim

2366 3837 2690 3917 Malach.
2757 3864 2914 3914 111.
2972 3843 3039 3915 6.
3097 3839 3202 3934 (a)
3258 3847 3413 3935 Ego
3469 3847 3671 3917 Deus
3719 3893 3747 3934 ‚
3799 3836 3901 3918 <9⁴

2363 3965 2506 4016 non
2558 3959 2837 4018 mutor.
2872 3941 3119 4038 Jacob.
3159 3965 3218 4015 1.
3262 3964 3371 4036 17.
3401 3937 3630 4037 Apud
3681 3966 3901 4038 quem

2360 4067 2504 4117 non
2557 4034 2659 4137 est
2707 4038 3174 4132 trasmutatio
3231 4041 3729 4119 Numenxl-x.
3776 4066 3899 4140 23.

2359 4151 2530 4220 Non
2571 4135 2674 4238 cst
2700 4148 2901 4220 Deus
2937 4138 3139 4241 quast
3179 4136 3527 4235 bomo,ut
3549 4142 3899 4242 mutetur,

2662 4297 2736 4396 §C
2819 4300 2881 4364 A
2968 4298 3016 4360 P
3102 4300 3164 4362 U
3246 4299 3309 4359 T
3431 4299 3580 4364 XV.

2740 4419 2912 4507 Quod
2951 4422 3108 4483 Deus
3145 4418 3216 4498 es!
3257 4436 3484 4481 aeternus
3501 4456 3522 4478 0

2516 4545 2584 4623 X
2647 4543 2794 4624 hoc
2858 4557 3108 4620 autem
3180 4555 3478 4642 apparet
3552 4537 3902 4640 ulterius,

2567 4650 2813 4724 Deum
2866 4645 3005 4721 effe
3056 4658 3452 4728 aeternum,
3522 4675 3531 4682 ·

2463 4773 2522 4823 1.
2576 4749 2786 4828 Nam
2856 4769 3079 4823 omne
3131 4744 3330 4845 quod
3395 4742 3662 4847 incipit
3706 4704 3893 4918 essef

3762 4868 3855 4918 ve

713 4933 3910 5016 mm

821 5013 914 5082 (a)
954 5015 1169 5084 vulgata
1206 5032 1222 5068 ι
1263 5003 1377 5082 Ego
1411 5015 1547 5065 enim
1581 5000 1885 5077 Diminus',
1916 5005 1978 5070 <5
2014 5006 2114 5062 m
2146 5023 2348 5064 aaron
