4597 5696
1312 416 2728 502 coNtffiAv=GENT1LEs
2810 417 3062 487 LIB.
3143 422 3204 488 1·-

664 534 986 642 perfeae
1037 533 1382 616 desiderat
1414 531 1686 628 finem,
1736 547 2050 634 utroque
2069 559 2227 612 mo-

667 641 766 720 do
818 641 1056 743 ipsum
1108 635 1499 715 desiderat.
1551 637 1693 716 Sed
1743 661 1897 715 non
1949 633 2049 714 est
2088 660 2227 752 ‘po-

665 765 845 822 nere
917 740 1243 841 aliquem
1312 737 1567 818 ac'tum
1644 738 1792 818 Dei
1851 738 2165 817 volentis
2192 791 2223 834 ‚

660 869 815 946 quo
886 842 1070 923 velit
1139 840 1209 918 se
1243 894 1269 935 ‚
1343 842 1420 920 8<
1482 865 1641 943 quo
1712 866 1865 920 non
1913 840 2115 919 velit.
2152 840 2222 918 se

659 943 1030 1047 perfecie,
1081 966 1254 1022 cum
1307 945 1386 1022 in
1437 970 1529 1023 eo
1579 943 1766 1021 nihil
1817 943 1905 1022 fit
1954 945 2224 1044 imper-2

654 1048 934 1126 fectum
952 1104 969 1123 .
1025 1045 1387 1143 Quolibet
1414 1046 1639 1147 igitur
1653 1045 1820 1126 adiu
1841 1070 1991 1145 quo
2017 1050 2217 1125 Deus

654 1149 819 1229 vult
871 1150 985 1245 se,
1035 1148 1197 1228 vult
1250 1150 1319 1228 se
1359 1204 1387 1246 .,
1455 1149 1531 1227 8<
1581 1148 1727 1226 alia
1778 1166 2073 1248 propter
2128 1147 2218 1225 se.

652 1251 831 1332 Alia
883 1275 1063 1331 vero
1113 1253 1247 1332 ase
1298 1250 1679 1347 nonvult‚
1728 1250 1864 1347 nisi*
1916 1250 2220 1352 inquan-

647 1367 814 1432 tum
866 1353 1027 1435 vult
1081 1353 1202 1451 se,
1254 1372 1337 1435 ut
1388 1356 1777 1455 probatum
1829 1352 1929 1433 est
1982 1353 2009 1452 (
2062 1377 2219 1452 cap.

649 1457 924 1556 praec.)
976 1457 1456 1559 Relinquitur
1507 1455 1737 1555 igitur
1784 1457 1986 1557 quod
2006 1455 2224 1570 [ἦξε

648 1558 793 1635 alia
845 1585 997 1638 non
1047 1559 1198 1640 alio
1246 1563 1321 1640 8<
1374 1561 1525 1639 alio
1577 1556 1745 1638 astu
1818 1558 2215 1640 voluntaus

648 1658 855 1757 vult,
911 1661 1027 1739 sed
1077 1688 1229 1743 uno
1278 1664 1352 1742 8(
1403 1664 1701 1740 eodem.

755 1789 819 1863 3.
876 1763 1178 1843 Adhuc.
1233 1765 1543 1844 Sicutex
1568 1761 2039 1864 supradictis(
2057 1787 2214 1860 cap.

650 1862 802 1941 hv.
860 1865 886 1960 )
960 1882 1159 1964 patet
1199 1921 1227 1961 ‚
1306 1867 1430 1944 in·
1471 1884 1635 1944 actu
1701 1863 2216 1962 cognoscitivae

652 1965 949 2045 virtutis
1001 1966 1349 2045 discursus
1388 1967 1783 2045 attenditur
1819 1965 2211 2044 secundum

646 2068 845 2166 quod
901 2069 1132 2146 semot
1574 2069 1802 2147 'cimus
1827 2065 2213 2167 principia,

640 2169 716 2255 ὃ(
771 2193 860 2247 ex
897 2169 1002 2246 eis
1054 2168 1132 2246 in
1574 2196 1677 2247 ies
1729 2168 2111 2248 venimus:
2152 2164 2207 2241 si

639 2269 846 2347 enim
921 2271 1000 2348 in
1070 2270 1235 2370 ipfis
1310 2270 1687 2370 principiis
1754 2270 2206 2348 intueremur

642 2370 1137 2451 conclusiones
1167 2425 1195 2471 ‚
1271 2372 1420 2473 ipsa
1498 2370 1857 2472 principia
1935 2394 2205 2470 cogno-

642 2471 905 2552 scendo
933 2528 961 2570 ‚
1010 2498 1164 2551 non
1215 2477 1389 2554 esset
1420 2474 1811 2567 discursum
1863 2471 2040 2550 ficut
2064 2497 2203 2552 nec

638 2576 937 2674 quando
988 2575 1266 2676 aliquid
1314 2575 1648 2656 videmus
1707 2576 1788 2654 in
1840 2571 2130 2674 speculo
2180 2632 2199 2652 .

636 2676 844 2757 Sicut
916 2695 1166 2756 autem
1237 2677 1599 2779 principia
1671 2678 1739 2756 se
1791 2676 2065 2755 habent
2110 2678 2203 2758 ad

639 2777 1137 2861 conclusiones
1187 2779 1269 2859 in
1323 2777 1777 2879 speculativis
1799 2834 1827 2876 ‚
1879 2779 1983 2858 ita
2033 2774 2202 2860 finis

640 2879 738 2956 ad
786 2904 870 2956 ea
924 2905 1083 2979 quae
1139 2881 1302 2959 sunt
1352 2883 1442 2959 ad
1493 2879 1719 2968 finem
1773 2879 1853 2957 in
1894 2880 2203 2981 operati-

639 2980 805 3073 vis‚
858 2997 932 3058 et
981 2983 1433 3082 appetitivis:
1492 3009 1665 3063 nam
1690 2980 1868 3061 ficut
1917 2980 2206 3062 conclu-

639 3077 871 3160 siones
922 3085 1428 3184 cognoscimus
1481 3109 1608 3185 per
1643 3084 2041 3186 principia,
2094 3086 2202 3165 ita

638 3205 733 3261 ex
786 3181 931 3259 fine
984 3187 1308 3283 procedit
1357 3188 1717 3287 appetitus
1749 3241 1777 3283 .,
1827 3207 1904 3267 et
1954 3212 2200 3289 opera-

640 3285 754 3366 tio
821 3307 1077 3363 eorum
1154 3315 1315 3389 quae
1388 3292 1551 3368 sunt
1617 3291 1708 3367 ad
1776 3288 2004 3366 finem
2042 3347 2064 3366 .
2116 3289 2199 3371 Si

635 3383 873 3485 igitur
921 3387 1186 3488 aliquis
1238 3390 1577 3468 semotim
1651 3388 1834 3468 velit
1888 3388 2117 3467 finem
2165 3445 2197 3486 ‚

637 3504 719 3566 et
767 3512 855 3567 ω
889 3513 1063 3589 -quae
1115 3492 1279 3571 sunt
1328 3494 1419 3570 ad
1471 3491 1750 3589 finem,
1822 3492 1966 3570 erit
2037 3492 2196 3591 qui-

635 3589 809 3669 dam
860 3590 1210 3673 discursus
1260 3594 1341 3672 in
1390 3594 1545 3690 ejus
1564 3593 1983 3673 voluntate.
2030 3595 2200 3676 Hoc

640 3707 891 3770 autem
970 3692 1052 3771 in
1102 3698 1270 3774 Deo
1340 3697 1479 3774 esse
1532 3694 1631 3774 est
1685 3694 2124 3797 impossibile
2173 3751 2203 3799 ‚

634 3816 810 3874 cum
863 3794 949 3873 fit
1000 3814 1207 3876 extra
1232 3823 1532 3893 omnem
1557 3814 1844 3876 motum
1870 3855 1887 3876 .
1945 3796 2198 3880 Relin-

634 3895 887 3995 quitur
956 3896 1180 3997 igitur
1248 3903 1445 4001 quod
1512 3899 1723 3978 fimul
1796 3917 1872 3978 et
1938 3902 2198 3983 eodem

634 4014 803 4077 actu
856 4001 1257 4080 voluntatis
1313 4007 1511 4080 Deus
1565 4001 1726 4080 vult
1771 4003 1888 4097 se,
1940 4022 2015 4083 et
2032 4005 2197 4085 alia.

688 4142 692 4146 ·
737 4125 812 4196 4.
872 4105 1102 4179 Item.
1156 4106 1349 4181 Cum
1408 4108 1605 4182 Deus
1657 4104 1938 4205 semper
2013 4107 2201 4188 velit

633 4196 752 4292 se3
804 4197 856 4276 si
909 4204 1060 4280 alio
1109 4224 1274 4281 actu
1327 4204 1489 4283 vult
1544 4206 1661 4300 se3
1713 4225 1788 4285 et
1838 4207 1987 4287 alio
2026 4209 2195 4302 alia;

636 4297 972 4398 sequetur
1044 4307 1240 4404 quod
1308 4304 1518 4384 fimul
1572 4306 1710 4385 sint
1776 4308 1854 4386 in
1909 4334 2000 4389 eo
2046 4312 2196 4390 duo

632 4417 835 4478 actus
886 4403 1341 4485 voluntatis:
1393 4412 1591 4507 quod
1642 4408 1741 4488 est
1795 4412 2187 4512 impoffibi·

628 4498 742 4579 le:
796 4529 970 4581 nam
1023 4505 1233 4585 unius
1290 4507 1631 4607 simplicis
1671 4514 2013 4612 potentiae
2034 4540 2187 4596 non

628 4602 797 4714 sunt
852 4605 1059 4683 simul
1112 4610 1266 4687 dua:
1319 4614 1819 4712 operationes.

647 4733 652 4743 ’
740 4730 803 4803 ς.
860 4712 1240 4787 Praetcrea.
1303 4716 1390 4790 In
1442 4715 1648 4791 omni
1706 4732 1871 4798 actu
1920 4716 2180 4799 volun·

2323 529 2469 610 alia
2534 557 2580 608 a
2653 533 2725 613 se
2758 588 2793 631 ,
2852 530 3131 612 diversa
3202 551 3249 608 a
3316 530 3693 618 voluntate
3744 567 3888 643 qua

2324 633 2491 713 vult
2528 633 2613 713 se
2650 690 2678 736 ‚
2783 634 2864 714 in
2915 634 3046 714 illa
3124 633 3269 714 erit
3335 635 3620 737 aliquid
3692 643 3891 728 aliud

2322 760 2631 816 movens
2721 736 3059 819 divinam
3148 735 3618 824 voluntatem
3651 796 3680 840 ‚
3754 771 3900 846 qua

2324 839 2489 918 vult
2539 839 2656 919 se:
2710 843 2910 941 quod
2961 837 3061 920 est
3111 837 3599 940 impoffibile.

2426 947 2498 1020 6.
2530 942 2942 1044 Amplius.
3018 941 3236 1019 Velle
3308 944 3454 1024 Dei
3530 946 3631 1028 est
3682 947 3899 1030 suum

2321 1044 2513 1139 else,
2566 1061 2649 1124 ut
2698 1046 3092 1145 probatum
3145 1042 3246 1122 est
3284 1044 3501 1151 (cap.
3555 1047 3909 1153 lxxur.)

2327 1147 2468 1228 Sed
2520 1146 2602 1224 in
2655 1151 2822 1226 Deo
2874 1172 3029 1227 non
3081 1145 3186 1224 est
3255 1151 3391 1230 nist
3447 1179 3680 1234 unum
3731 1157 3903 1236 effe.

2325 1249 2535 1348 Ergo
2583 1274 2740 1327 non
2790 1246 2893 1328 est
2945 1247 3055 1328 ibi
3106 1246 3243 1326 nisi
3297 1281 3530 1335 unum
3582 1256 3828 1337 velle.

2425 1377 2502 1452 7.
2556 1354 2789 1431 Item.
2846 1350 3064 1430 Velle
3114 1359 3479 1457 competit
3532 1362 3745 1455 De0‚
3799 1361 3903 1441 se-

2325 1454 2647 1533 cundum
2718 1455 2917 1556 quod
2988 1452 3091 1534 est
3160 1451 3581 1560 intelligens
3616 1518 3636 1539 .
3690 1463 3901 1545 Sicut

2317 1555 2546 1658 igitur
2596 1582 2746 1637 uno
2793 1554 2966 1636 aciu
3020 1557 3375 1660 intelligit
3426 1562 3545 1659 se,
3592 1561 3669 1644 &
3719 1565 3898 1665 alia,

2318 1659 2755 1757 inquantum
2807 1657 3108 1739 essentia
3177 1661 3299 1739 sua
3367 1663 3469 1743 est
3519 1667 3895 1768 exemplar

2318 1760 2660 1838 omnium
2702 1788 2725 1854 ς
2801 1760 2905 1839 ita
2960 1786 3121 1860 'uno
3139 1760 3307 1841 acin
3363 1764 3527 1843 vult
3609 1766 3679 1843 se
3714 1822 3742 1863 ‚
3811 1771 3893 1849 8<

2318 1860 2463 1975 alia
2482 1914 2510 1955 ‚
2564 1859 3003 1978 inquantum
3063 1865 3200 1980 ‚sua
3251 1865 3544 1948 bonitas
3611 1865 3712 1951 est
3780 1894 3893 1950 ra·

2311 1979 2423 2042 tio
2473 1986 2719 2043 omms
2774 1977 3121 2044 bonitatis
3139 2025 3162 2045 .

2538 2114 2595 2176 C
2675 2114 2741 2177 A
2823 2114 2876 2176 P
2959 2115 3023 2180 U
3106 2118 3170 2182 T
3289 2120 3628 2184 Lxxvn.

2308 2234 2487 2321 ,Quod
2542 2235 2847 2326 volitorqm
2916 2237 3220 2300 multitudo
3277 2265 3383 2303 non
3436 2259 3704 2327 repugnet
3749 2243 3889 2326 fim-

2626 2317 2882 2396 plicttati
2943 2318 3164 2381 divinae
3193 2320 3521 2400 substantiae
3538 2369 3565 2391 .

2480 2439 2536 2498 1.
2581 2439 2745 2502 Pare.
2791 2438 2975 2521 quea.
3019 2461 3164 2503 xix.
3202 2461 3314 2506 art.
3358 2464 3418 2508 2.
3483 2445 3565 2509 ad
3602 2469 3668 2527 4.
3706 2443 3712 2451 ’

2472 2572 2541 2652 Χ
2598 2571 2740 2653 hoc
2789 2590 3038 2655 autem
3107 2573 3152 2652 s
3229 2575 3426 2657 uitur
3489 2580 3691 2680 quod
3743 2605 3877 2662 vo·

2519 2671 2822 2754 litorum
2872 2675 3172 2772 multitu
3223 2705 3272 2756 o
3321 2703 3473 2759 non
3508 2695 3873 2782 repugnat

2301 2775 2578 2956 anitati
2621 2827 2649 2872 ,
2714 2775 2792 2855 8:
2859 2774 3310 2879 simplicitati
3387 2779 3659 2865 divinae
3708 2782 3872 2866 sub-

2368 2894 2621 2958 antiae.

2423 3006 2482 3056 1.
2536 2982 2746 3059 Nam
2826 2978 3031 3061 acius
3110 2982 3505 3063 secundum
3578 2984 3869 3086 objeEia

2305 3078 2842 3183 distinguuntur
2894 3140 2914 3161 .
2968 3081 3049 3165 Si
3099 3083 3328 3183 igitur
3375 3085 3613 3168 volita.
3659 3090 3868 3191 plura

2301 3209 2462 3289 quae
2538 3188 2739 3266 Deus
2809 3186 2972 3264 vult
3004 3239 3032 3282 ,
3099 3186 3527 3271 inducerent
3576 3190 3869 3295 inipso

2302 3287 2628 3387 aliquam
2707 3286 3259 3367 multitudinem
3298 3344 3369 3388 ,.
3446 3292 3870 3395 sequeretur

2292 3389 2494 3492 quod
2562 3413 2714 3468 non
2781 3392 2955 3467 ess'et
3022 3390 3102 3466 in
3183 3416 3280 3470 eo
3347 3416 3495 3474 una
3572 3411 3868 3476 tantum

2295 3489 2629 3591 operatio
2690 3488 3094 3570 voluntatis
3131 3518 3152 3565 τ
3207 3496 3408 3593 quod
3456 3496 3557 3578 est
3606 3514 3862 3578 contra

2304 3590 2728 3696 praeostensa
2780 3591 2820 3691 (’
2859 3616 3012 3692 cap.
3065 3596 3362 3693 praeced.
3397 3597 3431 3697 )

2408 3723 2476 3773 2.
2530 3697 2761 3773 Item.
2814 3693 3204 3775 ostensum
3254 3696 3354 3777 est
3404 3701 3602 3801 quod
3657 3705 3860 3784 Deus

2297 3795 2446 3877 alia
2495 3796 2700 3894 vult,
2750 3796 3187 3899 inquantum
3240 3799 3404 3881 vult
3443 3803 3862 3890 bonitatem

2300 3900 2343 3978 s
2333 3924 2501 3981 uam
2522 3955 2541 3975 .
2598 3902 2767 3980 Hoc
2819 3924 2996 4001 ergo
3068 3905 3293 3983 modo
3344 3926 3864 4008 comparantur

2302 4003 2400 4081 ali
2457 4026 2546 4081 ua
2597 4002 2689 4081 ad
2734 4001 3195 4084 voluntatem
3264 4001 3413 4086 Dei
3462 4033 3614 4108 quo
3662 4036 3864 4092 com-

2296 4028 2840 4205 preclaenduntur
2908 4130 2952 4182 a
3022 4105 3349 4188 bonitate
3410 4107 3575 4206 ejus
3613 4167 3631 4187 .
3719 4112 3868 4193 Sed

2296 4206 2551 4284 omnia
2605 4206 2684 4283 in
2738 4205 3069 4286 bonitate
3132 4207 3286 4305 eius
3337 4233 3569 4288 unum
3621 4212 3784 4294 sunt
3835 4243 3857 4289 ε

2292 4307 2458 4387 sunt
2509 4307 2715 4387 enim
2786 4307 3030 4411 aliqua
3096 4311 3180 4391 in
3252 4311 3410 4412 ipso
3462 4310 3860 4396 secundum

2291 4412 2592 4490 modurn
2648 4408 2801 4509 ejus
2845 4468 2872 4508 ‚
2926 4408 3202 4496 scilicet
3250 4414 3668 4496 materialia
3721 4419 3867 4497 im-

2289 4513 2812 4612 materialiter,
2863 4516 2938 4594 &
2990 4517 3229 4599 multa
3278 4517 3485 4601 unite
3544 4572 3572 4616 ,
3629 4538 3710 4601 ut
3760 4545 3854 4600 ex

2284 4614 2709 4715 supradic‘tis
2762 4618 2965 4719 (cap.
3013 4621 3116 4701 lv.
3168 4620 3567 4721 &lvur.)
3620 4639 3885 4724 patet.·

2284 4716 2762 4818 Relinquitur
2843 4720 3076 4822 igitur
3173 4726 3369 4844 quod
3448 4724 3854 4806 multitudo

621 4805 795 4887 tatis
866 4811 1182 4891 volitum
1250 4834 1721 4926 comparatur
1790 4821 1884 4897 ad*
1931 4821 2178 4900 volen-
2279 4818 2683 4900 volitorum
2753 4848 2911 4903 non
2995 4826 3444 4929 mulnphcat
3510 4828 3843 4908 divinam

618 4922 775 4988 tem
831 4928 911 4990 ut
962 4938 1271 4993 movens
1322 4916 1410 4996 ad
1434 4934 1759 5032 motu‘m.
1816 4920 1893 4999 Si
1947 4919 2175 5021 igitur
2277 4920 2746 5003 substantiam
2793 4982 2815 5003 .

615 5007 707 5094 fit
755 5013 1003 5112 aliqua
1053 5014 1252 5096 affio
1293 5016 1694 5098 voluntatis
1717 5046 1808 5103 ex
1832 5048 1975 5127 qua
2010 5024 2174 5108 vult

717 5116 1685 5206 S.Th.c·ontr.Gent.Tom.1.

2380 5051 2446 5129 3.
2499 5029 2883 5112 Praeterea.
2954 5030 3277 5141 Divinus
3342 5019 3759 5115 intellecius
3804 5080 3837 5128 ,

3112 5135 3196 5232 N
3606 5132 3682 5238 ὅ(
3703 5156 3836 5240 vo.
