4597 5696
1068 433 1081 450 .
1310 354 3192 449 CONTRA-GENTILESL1301.
3805 378 3880 438 57

661 492 860 591 quod
911 482 1174 568 dicitur
1253 482 1500 559 Rom·
1542 501 1706 556 ιιι.
1759 504 1832 578 4.
1901 473 2037 580 Est
2085 500 2206 556 au·
2313 476 2721 558 mationem
2755 526 2783 568 ,
2859 468 2933 548 &
2987 465 3426 564 inquantum
3495 473 3866 567 propriam

654 615 810 674 tom
863 600 1065 672 Deus
1113 608 1346 663 verax
1377 635 1398 658 .

954 708 1009 772 c
1093 707 1154 771 A
1241 706 1289 768 P
1373 701 1435 769 u
1520 703 1582 765 ‘r
1713 705 1852 772 Lx.
1905 671 1916 680 ’

1107 787 1216 848 uod
1253 787 1408 848 Deus
1443 782 1516 862 ιβ
1554 785 1766 845 veritas
1781 826 1799 848 .

969 871 1022 929 ιο
1119 887 1227 929 an·
1257 864 1614 947 quoefio‘xvx·
1657 884 1768 927 m·
1819 882 1876 930 1·

697 944 704 949 -
812 989 875 1069 Χ
933 986 1300 1088 przmiffis
1353 998 1603 1064 autem
1650 1001 1950 1088 apparet
2000 982 2200 1088 quod
2305 990 2505 1064 Deus
2555 981 2656 1060 est
2711 980 2831 1056 sua
2878 970 3151 1054 veritas
3181 1025 3199 1045 .

856 1089 1006 1189 ipse
1060 1094 1263 1168 Deus
1313 1086 1411 1165 est
1469 1086 1733 1167 veritas
1762 1146 1782 1166 .

2228 590 2233 595 ’
2315 580 2423 659 sui
2474 578 2833 658 rationem
2885 622 2914 665 ‚
2960 590 3123 669 quae
3175 560 3275 640 est
3328 565 3409 642 in
3460 587 3710 647 mente
3766 577 3873 653 di.

2298 682 2479 761 vina
2529 734 2558 774 ‚
2626 676 2958 756 imitatur
2996 726 3015 744 .
3091 664 3235 747 Sed
3304 669 3509 746 Deus
3589 670 3690 747 est
3743 676 3864 754 sua

2305 782 2641 861 essentia.
2699 779 2903 875 Ergo
2952 768 3098 848 five
3148 763 3239 843 de
3288 767 3602 850 veritate
3654 772 3871 853 intel.

2300 885 2532 963 lectus
2584 882 2971 979 loquamur
2988 924 3016 965 ‚
3065 866 3214 946 five
3392 872 3701 954 veritate
3718 877 3870 995 rei,

2403 1087 2572 1163 Hoc
2622 1098 2868 1158 autem
2896 1070 3370 1155 confirmatur
3426 1079 3870 1165 auctoritate

758 1214 813 1271 1.
871 1191 1161 1270 Veritas
1214 1191 1420 1268 enim
1468 1190 1800 1285 quaedam
1847 1186 2197 1288 perfectio
2300 1183 2668 1276 Domini,
2719 1180 2807 1259 de
2859 1178 2945 1291 se·
2980 1171 3299 1286 dicenti-s⁹
3331 1225 3359 1267 ,
3430 1179 3635 1275 Joan.
3688 1206 3865 1263 x1v.

638 1292 1142 1391 intelligentiae
1221 1290 1321 1369 est
1360 1289 1400 1384 ,ἶ
1455 1290 1618 1367 sive
1686 1288 2198 1370 intellectualis
2306 1289 2377 1367 6.
2432 1280 2589 1385 Ego
2622 1279 2802 1379 sum
2853 1304 3040 1371 vm,
3082 1290 3426 1397 writers,
3478 1278 3578 1355 Φ*
3634 1282 3813 1361 vita
3841 1340 3865 1364 .

637 1394 1080 1491 operationis
1104 1447 1132 1488 ‚
1164 1408 1247 1471 ut
1267 1389 1666 1470 dictumest
1716 1392 1916 1493 (cap.
1942 1388 2212 1491 praec.)
2350 1406 2353 1411 ’

640 1494 1060 1594 Intelligere
1089 1509 1339 1571 autem
1370 1493 1514 1568 Dei
1568 1490 1668 1569 est
1708 1493 1828 1570 sua
1880 1491 2194 1571 substan-

639 1594 792 1672 tia:
844 1596 1079 1694 ipsum
1115 1595 1342 1671 etiam
1393 1590 1850 1691 intelligere,
1903 1618 2073 1672 cum
2095 1591 2195 1673 sit

641 1696 979 1773 divinum
1031 1697 1216 1789 effe,
1267 1709 1348 1770 ut
1392 1689 1756 1769 ostensum
1808 1688 1905 1770 est
1957 1693 1986 1790 (
2036 1716 2193 1791 cap.

637 1790 784 1873 xlv.
839 1795 868 1891 )
934 1816 1112 1873 non
1142 1786 1690 1893 superveniente
1741 1793 1985 1892 aliqua
2037 1812 2190 1892 per·

2586 1442 2640 1505 C
2727 1440 2789 1504 A
2872 1435 2921 1498 P
3008 1435 3068 1499 U
3156 1433 3219 1494 T
3344 1438 3514 1513 LXI.

2526 1571 2701 1660 Quod
2738 1539 2893 1633 Deris
2932 1564 3003 1645 est
3033 1533 3327 1649 'puriffinu
3366 1575 3622 1637 veritas.
3730 1522 3735 1527 ‘

2513 1696 2630 1773 Oc
2682 1704 2930 1767 autem
2981 1684 3262 1768 ostenso
3296 1739 3324 1781 ,
3392 1691 3861 1776 manifestum

2562 1791 2660 1870 est
2714 1788 2912 1887 quod
2983 1791 3060 1867 in
3118 1790 3283 1864 Deo
3358 1789 3456 1865 est
3509 1815 3685 1890 pura
3736 1822 3860 1874 ve.

619 1895 958 1974 -fectione
1010 1884 1415 1995 perfectum
1484 1891 1584 1970 est
1637 1900 1664 1988 ,’
1745 1896 1862 1973 sed
1914 1890 2012 1970 est
2064 1915 2193 1993 per
2293 1898 2466 1973 ritas
2517 1948 2544 1987 ‚
2595 1891 2716 1970 cui
2769 1887 2970 1964 nulla
3020 1886 3281 1965 falsitas
3317 1940 3345 1984 ‚
3395 1888 3470 1968 8<
3519 1894 3858 1996 deceptio
3990 1928 4007 1943 ·

638 1996 998 2096 seipsum
1039 1992 1457 2107 perfectum
1493 2046 1521 2088 ‚
1585 1994 1774 2072 sicut
1822 1995 1896 2072 8<
1947 1996 2035 2072 de
2088 1993 2228 2071 dis

636 2097 818 2176 vino
868 2094 1006 2171 effe
1063 2096 1268 2194 fispra
1316 2092 1515 2191 (cap.
1541 2094 1910 2191 xxvnr.)
1962 2091 2190 2174 osten-

640 2196 799 2273 sum
853 2194 988 2273 est.
1044 2191 1515 2292 Relinquitur
1562 2193 1790 2291 igitur
1839 2195 2037 2292 quod
2086 2195 2190 2271 di·

638 2296 814 2375 vina
869 2294 1254 2374 substantia
1305 2292 1392 2369 fit
1442 2293 1594 2394 ipsa
1645 2293 1947 2372 veritas.

661 2440 672 2451 -
744 2423 812 2473 2.
869 2401 1058 2474 Item
1105 2452 1125 2471 .
1159 2392 1474 2472 ‘Veritas
1525 2392 1626 2471 est
1679 2396 2011 2492 quaedam
2065 2395 2188 2472 bo-

636 2495 826 2576 nitas
906 2495 1313 2575 intellectus
1401 2494 1795 2581 ,secundum
1867 2494 2183 2574 Philoso-

630 2597 861 2697 phum
911 2597 942 2695 (
1000 2601 1133 2675 vl.
1177 2594 1418 2674 Ethic.
1470 2621 1625 2696 cap.
1690 2621 1851 2673 111.
1905 2594 1933 2692 )
1989 2598 2189 2675 Deus

634 2718 885 2776 autem
937 2696 1034 2775 est
1077 2696 1197 2776 sua
1225 2692 1562 2791 bonitas,
1616 2713 1702 2774 ut
1726 2694 1929 2796 supra
1980 2695 2184 2795 (cap.

633 2822 1001 2876 xxxvrrr.
1057 2798 1083 2896 )
1149 2795 1512 2876 ostensum
1583 2795 1684 2874 est
1721 2851 1741 2872 .
1831 2799 2037 2894 Ergo
2086 2796 2185 2876 est

634 2902 862 2976 etiam
919 2898 1037 2975 sua
1089 2898 1389 2978 veritas.
1669 2939 1670 2942 ¹

655 3043 672 3064 .
739 3025 804 3098 3.
859 2997 1204 3076 Praeterea
1241 3054 1260 3072 .
1336 3003 1451 3076 De
1508 3001 1673 3078 Deo
1723 2993 1913 3076 nihil
1967 2993 2183 3101 parti-

631 3097 955 3273 cipative
986 3099 1152 3276 o(gei
1187 3098 1451 3271 'ffitest
1497 3153 1552 3213 ‚⁶
1591 3124 1763 3215 eum
1838 3099 1925 3280 1ῑὲ
1970 3102 2185 3279 guum

631 3222 835 3376 ssitgs’
856 3219 1054 3375 esiuin
1091 3223 1298 3391 Dnelo:
1350 3218 1913 3398 iiiasitrlpcrigagcap.
1929 3223 2186 3411 {raexgj

630 3397 991 3476 ostensum
1044 3397 1144 3476 est
1194 3455 1212 3475 .
1297 3404 1372 3479 Si
1428 3416 1652 3496 igitur
1705 3411 1859 3474 non
1907 3401 2189 3476 dicatur.

632 3499 1145 3598 participative
1188 3553 1213 3595 ‚
1292 3515 1582 3599 oportet
1657 3501 1853 3597 quod
1904 3499 2185 3579 dicatur

631 3601 1138 3694 essentialiter,
1188 3616 1272 3677 ut
1314 3599 1671 3697 supra(ca
1721 3600 2184 3697 .xxxv111.)

634 3698 997 3779 ostensum
1021 3700 1140 3776 est.
1172 3704 1372 3782 Deus
1391 3723 1567 3799 ergo
1617 3724 1657 3776 e
1741 3701 1859 3778 sua
1892 3701 2177 3780 veritas.

728 3825 813 3899 4.-
860 3800 1200 3900 Amplius
1246 3858 1262 3878 .
1319 3802 1532 3880 Licet
1580 3821 1838 3879 verum
1888 3804 2179 3903 proprie

625 3923 778 3976 non
831 3899 913 3976 fit
967 3902 1046 3978 in
1097 3906 1307 3980 rebus
1345 3956 1371 3994 ‚
1422 3902 1539 3978 sed
1592 3901 1671 3979 in
1726 3921 2027 3996 mente,
2080 3903 2178 3980 se·

622 4002 948 4077 cundum
1001 4001 1521 4100 Philosophum
1561 4002 1639 4079 in
1685 4004 2174 4102 VLMetaph.

624 4100 653 4193 (
706 4113 878 4177 text.
930 4125 1202 4178 comm.
1255 4127 1479 4178 v111.
1532 4103 1724 4199 >res
1765 4118 2013 4180 tamen
2067 4106 2168 4180 in·

629 4199 916 4275 terdum
967 4226 1138 4278 vera
1174 4201 1480 4294 dicitur,
1534 4202 1925 4280 secundum
1976 4205 2171 4302 quod

622 4295 869 4409 teiam
901 4300 1205 4399 propria
1256 4317 1522 4380 natura
1550 4301 2055 4403 consequitur,
2090 4321 2173 4382 ut

624 4403 1016 4476 Avicenna
1067 4402 1247 4479 dicit
1315 4402 1396 4478 in
1467 4402 1589 4480 sua
1664 4404 2171 4506 Metaphyfica

620 4491 904 4594 (tract.
958 4521 1180 4577 v111.
1278 4527 1431 4602 cap.
1504 4528 1626 4586 vr.
1692 4506 1764 4581 8(
1831 4532 1887 4581 1.
1966 4521 2168 4585 tract.

624 4609 779 4696 cap.
818 4624 952 4705 γι.
1005 4599 1033 4696 )
1106 4602 1301 4701 quod
1351 4602 1632 4680 veritas
1701 4605 1811 4683 rei
1862 4603 1966 4707 est
2003 4622 2170 4708 pro-

617 4697 902 4798 prims
952 4697 1106 4795 effe*
1137 4699 1696 4805 uniuscujusque
1743 4707 1852 4784 rei
1898 4758 1924 4801 ‚
1977 4705 2172 4808 quod

602 4779 1029 4899 stabilitum
1082 4799 1184 4898 est
1234 4801 1304 4880 ei
1343 4857 1371 4898 ‚
1445 4803 1461 4817 ”

2293 1991 2683 2075 admisceri
2738 1986 2964 2088 potest
2989 2048 3007 2067 .

2405 2122 2463 2172 1.
2570 2091 2866 2169 Veritas
2939 2104 3143 2167 emm·
3216 2086 3598 2173 salsitatem
3700 2122 3854 2179 non

2289 2187 2736 2295 compatitur
2789 2243 2817 2286 ‚
2882 2186 3058 2269 ficut
3110 2213 3245 2267 nec
3296 2191 3560 2273 albedo
3609 2197 3852 2301 nigre-

2289 2298 2543 2379 dinem
2579 2350 2597 2369 .
2683 2294 2884 2369 Deus
2933 2308 3184 2370 autem
3255 2315 3409 2369 non
3461 2294 3697 2377 solum
3746 2297 3850 2377 est

2287 2422 2502 2477 verus
2551 2448 2578 2487 ‚
2629 2392 2750 2470 sed
2799 2389 2898 2467 est
2953 2392 3112 2494 ipsa
3159 2392 3467 2474 veritas.
3523 2400 3731 2499 Ergo
3774 2401 3858 2480 in

2294 2524 2387 2577 eo
2438 2493 2699 2572 falsitas
2751 2493 2891 2568 effe
2943 2517 3095 2570 non
3148 2492 3415 2590 potest.
3848 2564 3857 2573 .

2400 2625 2466 2674 2.
2523 2592 2866 2692 Amplius
2908 2649 2927 2667 .
2987 2592 3410 2672 Intellectus
3461 2619 3613 2673 non
3667 2596 3859 2677 deci-

2289 2700 2486 2799 pitur
2538 2695 2612 2773 in
2669 2693 3174 2790 cognoscendo
3224 2695 3425 2792 quod
3531 2698 3657 2776 uid
3709 2698 3862 2798 est‘,

2291 2800 2468 2878 ficut
2520 2819 2653 2873 nec
2706 2790 2943 2872 sensus
3014 2792 3099 2904 in
3143 2795 3442 2911 proprio
3476 2720 3858 2880 1sensibili.

2290 2897 2563 2979 Om'nis
2613 2911 2863 2975 autem
2943 2898 3278 2995 cognitio
3310 2949 3317 2954 -
3348 2898 3587 2979 divini
3646 2902 3859 2981 intel-

2287 3004 2515 3081 lectus
2571 2999 2640 3075 se
2692 2996 2912 3075 habet
2958 2998 3048 3073 ad
3069 3000 3377 3077 modum
3430 3002 3848 3082 intellectus
3990 2995 3997 3004 “

2286 3099 2790 3203 cognoscentis
2842 3098 3042 3198 quod
3076 3099 3257 3198 quid
3283 3099 3429 3198 est,
3480 3119 3564 3183 ut
3615 3104 3855 3185 ostent

2287 3205 2446 3283 sum
2498 3199 2599 3278 est
2673 3200 2701 3297 (
2753 3225 2907 3298 cap.
2972 3199 3223 3294 lvrn.
3277 3201 3308 3299 )
3393 3206 3847 3303 Impossibile

2283 3302 2385 3381 est
2439 3301 2659 3398 igitut
2728 3300 2809 3375 in
2885 3300 3136 3376 divina
3206 3303 3631 3398 cognitione
3654 3359 3681 3398 ‚
3732 3327 3838 3380 er.

2284 3423 2530 3480 rorem
2563 3450 2590 3490 ‚
2658 3396 2803 3475 five
2854 3399 3361 3498 deceptionem
3402 3451 3428 3497 ‚
3478 3420 3605 3480 aut
3655 3402 3837 3480 saisi-

2287 3511 2515 3580 tatem
2567 3498 2708 3575 esse
2748 3553 2767 3574 .
3040 3543 3045 3548 -

2396 3625 2457 3702 3.
2512 3603 2860 3678 Praeterea
2904 3651 2924 3675 .
2963 3595 3398 3682 “Intellectus
3449 3603 3529 3681 in
3581 3602 3837 3704 primis

2368 3701 2658 3802 incipiis
2709 3726 2872 3779 non
2922 3716 3113 3778 errat
3148 3754 3176 3796 ‚
3249 3701 3366 3781 sed
3421 3703 3500 3782 in
3550 3705 3840 3782 conclu-

2335 3797 2601 3882 onibus
2669 3802 3035 3880 interdum
3070 3852 3099 3896 ‚
3171 3802 3262 3881 ad
3310 3825 3508 3903 »quas
3559 3830 3648 3882 ex
3698 3805 3842 3902 pri-

2281 3907 2425 3984 mis
2524 3903 2854 4003 rincipiis
2906 3901 3408 3982 ratiocinando
3464 3904 3833 4006 procedit.

2284 4006 2472 4084 intel
2506 4024 2701 4082 ectus
2791 4020 3042 4080 autem
3128 4004 3418 4083 divinus
3515 4019 3666 4084 no'n
3739 4004 3840 4082 est

2273 4105 2823 4183 ratiocinativus
2875 4156 2901 4196 ‚
2973 4116 3100 4180 aut
3163 4103 3585 4184 discursurus
3636 4160 3663 4199 ‚
3749 4119 3839 4184 ut

2273 4208 2480 4305 supra
2552 4205 2577 4300 (
2629 4229 2782 4304 cap.
2838 4204 3002 4281 lxvr
3027 4228 3083 4281 1.
3138 4204 3168 4300 )
3257 4203 3619 4308 ostensum
3690 4208 3836 4285 est.

2275 4309 2460 4384 Non
2513 4304 2735 4403 igitur
2812 4302 3042 4402 potest
3112 4305 3251 4383 effe
3303 4305 3383 4384 in
3437 4307 3590 4409 ipso
3641 4306 3822 4390 falfi-

2275 4427 2429 4500 tas,
2483 4419 2615 4482 ne-'c
2666 4405 3038 4513 deceptio.
3518 4431 3544 4500 .'.

2291 4551 2296 4558 -
2377 4534 2446 4601 4
2505 4509 2713 4583 Item.
2747 4507 3055 4605 Quanto
3096 4505 3339 4606 aliqua
3390 4509 3509 4608 vis
3556 4532 3832 4608 cogno-
3870 4525 3873 4528 ’

2272 4605 2525 4685 Γάείνει
2578 4604 2677 4682 est
2719 4605 2979 4700 altior,
3033 4626 3237 4686 tanto
3263 4610 3415 4704 ejus
3444 4614 3819 4709 proprium

2270 4707 2641 4802 objectum
2694 4705 2793 4784 est
2844 4708 3365 4804 universalius,
3421 4711 3624 4809 plura
3690 4711 3817 4785 snb

1441 4828 1523 4879 ιη
1571 4819 1931 4902 quantum
2001 4809 2165 4887 talis
2199 4805 2216 4818 '
2265 4808 2338 4886 se
2388 4807 2812 4887 continens:
2866 4809 3056 4893 unde
3111 4810 3185 4888 id
3235 4811 3431 4909 quod
3482 4810 3672 4887 visus
3700 4836 3824 4884 co·

619 4917 732 5046 fes
783 4917 956 4982 tiata
1002 4901 1105 4982 est
1153 4904 1244 4984 de
1294 4903 1366 4985 se
1417 4899 1650 4984 facere
1688 4923 1941 4985 veram
1990 4909 2164 4993 asti·
2263 4909 2552 5012 gnoscit
2644 4934 2775 5012 per
2855 4912 3183 4989 accidens
3232 4961 3259 5007 ,
3342 4909 3482 4990 hoc
3580 4907 3812 4984 sensus

2974 5012 3051 5088 K
3154 5034 3199 5086 2
3606 5029 3819 5085 com.
