<?xml version="1.0" encoding="UTF-8"?>
<!DOCTYPE html PUBLIC "-//W3C//DTD XHTML 1.0 Transitional//EN"
    "http://www.w3.org/TR/xhtml1/DTD/xhtml1-transitional.dtd">
<html xmlns="http://www.w3.org/1999/xhtml" xml:lang="en" lang="en">
 <head>
  <title>
</title>
<meta http-equiv="Content-Type" content="text/html;charset=utf-8" />
  <meta name='ocr-system' content='tesseract 3.04.00' />
  <meta name='ocr-capabilities' content='ocr_page ocr_carea ocr_par ocr_line ocrx_word'/>
</head>
<body>
  <div class='ocr_page' id='page_1' title='image "./summacontragent00aqugoog_0244.png"; bbox 0 0 4597 5696; ppageno 0'>
   <div class='ocr_carea' id='block_1_1' title="bbox 732 378 850 436">
    <p class='ocr_par' dir='ltr' id='par_1_1' title="bbox 732 378 850 436">
     <span class='ocr_line' id='line_1_1' title="bbox 732 378 850 436; baseline -0.008 -15"><span class='ocrx_word' id='word_1_1' title='bbox 732 378 850 436; x_wconf 65' lang='lat'>²04</span> 
     </span>
    </p>
   </div>
   <div class='ocr_carea' id='block_1_2' title="bbox 1337 351 3286 434">
    <p class='ocr_par' dir='ltr' id='par_1_2' title="bbox 1337 351 3286 434">
     <span class='ocr_line' id='line_1_2' title="bbox 1337 351 3286 434; baseline 0.007 -15"><span class='ocrx_word' id='word_1_2' title='bbox 1337 356 1479 420; x_wconf 81' lang='lat' dir='ltr'>DE</span> <span class='ocrx_word' id='word_1_3' title='bbox 1534 351 2126 421; x_wconf 81' lang='lat' dir='ltr'>VERITATE</span> <span class='ocrx_word' id='word_1_4' title='bbox 2185 356 2916 432; x_wconf 74' lang='lat' dir='ltr'>CATHOLmAE</span> <span class='ocrx_word' id='word_1_5' title='bbox 2974 368 3286 434; x_wconf 70' lang='lat' dir='ltr'>EPDEI</span> 
     </span>
    </p>
   </div>
   <div class='ocr_carea' id='block_1_3' title="bbox 729 462 4072 680">
    <p class='ocr_par' dir='ltr' id='par_1_3' title="bbox 729 462 4072 680">
     <span class='ocr_line' id='line_1_3' title="bbox 729 462 3963 566; baseline 0.004 -23"><span class='ocrx_word' id='word_1_6' title='bbox 729 467 813 552; x_wconf 88' lang='grc'>8(</span> <span class='ocrx_word' id='word_1_7' title='bbox 859 462 1200 545; x_wconf 83' lang='lat' dir='ltr'>animalis</span> <span class='ocrx_word' id='word_1_8' title='bbox 1236 519 1260 559; x_wconf 84' lang='lat'>‚</span> <span class='ocrx_word' id='word_1_9' title='bbox 1312 465 1435 542; x_wconf 85' lang='lat' dir='ltr'>sed</span> <span class='ocrx_word' id='word_1_10' title='bbox 1489 481 1645 544; x_wconf 85' lang='lat' dir='ltr'>tota</span> <span class='ocrx_word' id='word_1_11' title='bbox 1698 464 1993 542; x_wconf 75' lang='lat' dir='ltr'>essentia</span> <span class='ocrx_word' id='word_1_12' title='bbox 2045 463 2304 542; x_wconf 84' lang='lat' dir='ltr'>utrius·</span> <span class='ocrx_word' id='word_1_13' title='bbox 2406 492 2551 566; x_wconf 89' lang='lat' dir='ltr'>que</span> <span class='ocrx_word' id='word_1_14' title='bbox 2603 493 3083 566; x_wconf 62' lang='lat' dir='ltr'>mmmmm,</span> <span class='ocrx_word' id='word_1_15' title='bbox 3133 488 3219 552; x_wconf 90' lang='lat' dir='ltr'>ut</span> <span class='ocrx_word' id='word_1_16' title='bbox 3268 467 3615 554; x_wconf 82' lang='lat' dir='ltr'>videlicet</span> <span class='ocrx_word' id='word_1_17' title='bbox 3640 470 3782 555; x_wconf 73' lang='lat' dir='ltr'>tint</span> <span class='ocrx_word' id='word_1_18' title='bbox 3809 477 3963 557; x_wconf 90' lang='lat' dir='ltr'>ani·</span> 
     </span>
     <span class='ocr_line' id='line_1_4' title="bbox 733 566 4072 680; baseline 0.005 -36"><span class='ocrx_word' id='word_1_19' title='bbox 733 592 882 668; x_wconf 86' lang='lat' dir='ltr'>que</span> <span class='ocrx_word' id='word_1_20' title='bbox 966 567 1140 643; x_wconf 86' lang='lat' dir='ltr'>esset</span> <span class='ocrx_word' id='word_1_21' title='bbox 1213 566 1462 644; x_wconf 84' lang='lat' dir='ltr'>anima</span> <span class='ocrx_word' id='word_1_22' title='bbox 1541 568 1942 647; x_wconf 80' lang='lat' dir='ltr'>secundum</span> <span class='ocrx_word' id='word_1_23' title='bbox 2015 566 2303 665; x_wconf 81' lang='lat' dir='ltr'>politio-</span> <span class='ocrx_word' id='word_1_24' title='bbox 2405 593 2548 648; x_wconf 79' lang='lat' dir='ltr'>mae</span> <span class='ocrx_word' id='word_1_25' title='bbox 2597 569 2776 652; x_wconf 87' lang='lat' dir='ltr'>ficut</span> <span class='ocrx_word' id='word_1_26' title='bbox 2826 575 3250 680; x_wconf 57' lang='lat' dir='ltr'>moventis,</span> <span class='ocrx_word' id='word_1_27' title='bbox 3292 574 3366 656; x_wconf 86' lang='grc'>8(</span> <span class='ocrx_word' id='word_1_28' title='bbox 3418 577 3737 676; x_wconf 84' lang='lat' dir='ltr'>corporis</span> <span class='ocrx_word' id='word_1_29' title='bbox 3791 577 3970 660; x_wconf 85' lang='lat' dir='ltr'>ficut</span> <span class='ocrx_word' id='word_1_30' title='bbox 4049 593 4072 610; x_wconf 63' lang='lat'>¹</span> 
     </span>
    </p>
   </div>
   <div class='ocr_carea' id='block_1_4' title="bbox 740 666 2348 2198">
    <p class='ocr_par' dir='ltr' id='par_1_4' title="bbox 740 666 2348 1281">
     <span class='ocr_line' id='line_1_5' title="bbox 751 666 2318 770; baseline -0.001 -22"><span class='ocrx_word' id='word_1_31' title='bbox 751 687 925 748; x_wconf 85' lang='lat' dir='ltr'>nem</span> <span class='ocrx_word' id='word_1_32' title='bbox 981 666 1402 767; x_wconf 66' lang='lat' dir='ltr'>praediRam</span> <span class='ocrx_word' id='word_1_33' title='bbox 1478 670 1505 767; x_wconf 98' lang='lat'>(</span> <span class='ocrx_word' id='word_1_34' title='bbox 1560 695 1714 770; x_wconf 87' lang='lat' dir='ltr'>cap.</span> <span class='ocrx_word' id='word_1_35' title='bbox 1750 667 1916 747; x_wconf 68' lang='lat' dir='ltr'>&#39;lv1.</span> <span class='ocrx_word' id='word_1_36' title='bbox 1972 669 1999 766; x_wconf 95' lang='lat'><em>)</em></span> <span class='ocrx_word' id='word_1_37' title='bbox 2068 668 2318 746; x_wconf 88' lang='lat' dir='ltr'>anima</span> 
     </span>
     <span class='ocr_line' id='line_1_6' title="bbox 740 769 2317 871; baseline -0.003 -19"><span class='ocrx_word' id='word_1_38' title='bbox 740 774 952 864; x_wconf 28' lang='lat' dir='ltr'>*enim</span> <span class='ocrx_word' id='word_1_39' title='bbox 1005 796 1157 848; x_wconf 85' lang='lat' dir='ltr'>non</span> <span class='ocrx_word' id='word_1_40' title='bbox 1195 769 1295 849; x_wconf 86' lang='lat' dir='ltr'>&#39;est</span> <span class='ocrx_word' id='word_1_41' title='bbox 1351 771 1631 871; x_wconf 86' lang='lat' dir='ltr'>aliquid</span> <span class='ocrx_word' id='word_1_42' title='bbox 1652 769 2021 863; x_wconf 70' lang='lat' dir='ltr'>sensibile,</span> <span class='ocrx_word' id='word_1_43' title='bbox 2074 794 2317 870; x_wconf 83' lang='lat' dir='ltr'>neque</span> 
     </span>
     <span class='ocr_line' id='line_1_7' title="bbox 752 872 2348 974; baseline -0.001 -20"><span class='ocrx_word' id='word_1_44' title='bbox 752 872 1136 954; x_wconf 80' lang='lat' dir='ltr'>materiale</span> <span class='ocrx_word' id='word_1_45' title='bbox 1181 932 1200 952; x_wconf 95' lang='lat'>.</span> <span class='ocrx_word' id='word_1_46' title='bbox 1259 873 1708 974; x_wconf 74' lang='lat' dir='ltr'>Impossibile</span> <span class='ocrx_word' id='word_1_47' title='bbox 1758 872 2139 971; x_wconf 86' lang='lat' dir='ltr'>est-igitur</span> <span class='ocrx_word' id='word_1_48' title='bbox 2192 875 2348 952; x_wconf 77' lang='lat' dir='ltr'>ho·¹</span> 
     </span>
     <span class='ocr_line' id='line_1_8' title="bbox 755 976 2315 1073; baseline -0.003 -16"><span class='ocrx_word' id='word_1_49' title='bbox 755 979 1084 1073; x_wconf 71' lang='lat' dir='ltr'>minem,</span> <span class='ocrx_word' id='word_1_50' title='bbox 1136 977 1207 1055; x_wconf 99' lang='grc'>8(</span> <span class='ocrx_word' id='word_1_51' title='bbox 1261 976 1539 1054; x_wconf 75' lang='lat' dir='ltr'>animal</span> <span class='ocrx_word' id='word_1_52' title='bbox 1573 976 1708 1054; x_wconf 87' lang='lat' dir='ltr'>esse</span> <span class='ocrx_word' id='word_1_53' title='bbox 1760 976 2093 1054; x_wconf 87' lang='lat' dir='ltr'>animam</span> <span class='ocrx_word' id='word_1_54' title='bbox 2112 990 2315 1053; x_wconf 80' lang='lat' dir='ltr'>uten-</span> 
     </span>
     <span class='ocr_line' id='line_1_9' title="bbox 759 1076 2321 1180; baseline -0.004 -19"><span class='ocrx_word' id='word_1_55' title='bbox 759 1103 916 1161; x_wconf 83' lang='lat' dir='ltr'>tem</span> <span class='ocrx_word' id='word_1_56' title='bbox 964 1103 1312 1179; x_wconf 81' lang='lat' dir='ltr'>corpore,</span> <span class='ocrx_word' id='word_1_57' title='bbox 1365 1104 1517 1157; x_wconf 88' lang='lat' dir='ltr'>non</span> <span class='ocrx_word' id='word_1_58' title='bbox 1570 1095 1817 1157; x_wconf 86' lang='lat' dir='ltr'>autem</span> <span class='ocrx_word' id='word_1_59' title='bbox 1890 1076 2176 1180; x_wconf 85' lang='lat' dir='ltr'>aliquid</span> <span class='ocrx_word' id='word_1_60' title='bbox 2224 1100 2321 1154; x_wconf 85' lang='lat' dir='ltr'>ex</span> 
     </span>
     <span class='ocr_line' id='line_1_10' title="bbox 758 1179 2064 1281; baseline -0.002 -19"><span class='ocrx_word' id='word_1_61' title='bbox 758 1183 1009 1262; x_wconf 88' lang='lat' dir='ltr'>anima</span> <span class='ocrx_word' id='word_1_62' title='bbox 1060 1182 1134 1260; x_wconf 89' lang='grc'>8(</span> <span class='ocrx_word' id='word_1_63' title='bbox 1183 1207 1493 1281; x_wconf 86' lang='lat' dir='ltr'>corpore</span> <span class='ocrx_word' id='word_1_64' title='bbox 1539 1179 2064 1280; x_wconf 86' lang='lat' dir='ltr'>compositum.</span> 
     </span>
    </p>

    <p class='ocr_par' dir='ltr' id='par_1_5' title="bbox 761 1281 2336 2198">
     <span class='ocr_line' id='line_1_11' title="bbox 867 1281 2321 1384; baseline -0.005 -19"><span class='ocrx_word' id='word_1_65' title='bbox 867 1291 1056 1365; x_wconf 78' lang='lat' dir='ltr'>Item</span> <span class='ocrx_word' id='word_1_66' title='bbox 1083 1342 1101 1361; x_wconf 99' lang='lat'>.</span> <span class='ocrx_word' id='word_1_67' title='bbox 1158 1283 1606 1384; x_wconf 82' lang='lat' dir='ltr'>Impoffibile</span> <span class='ocrx_word' id='word_1_68' title='bbox 1661 1281 1759 1360; x_wconf 87' lang='lat' dir='ltr'>est</span> <span class='ocrx_word' id='word_1_69' title='bbox 1811 1284 2013 1383; x_wconf 84' lang='lat' dir='ltr'>quod</span> <span class='ocrx_word' id='word_1_70' title='bbox 2059 1305 2321 1361; x_wconf 85' lang='lat' dir='ltr'>eorum</span> 
     </span>
     <span class='ocr_line' id='line_1_12' title="bbox 762 1381 2328 1490; baseline -0.004 -22"><span class='ocrx_word' id='word_1_71' title='bbox 762 1415 925 1490; x_wconf 80' lang='lat' dir='ltr'>quae</span> <span class='ocrx_word' id='word_1_72' title='bbox 978 1389 1141 1464; x_wconf 83' lang='lat' dir='ltr'>sunt</span> <span class='ocrx_word' id='word_1_73' title='bbox 1192 1386 1470 1464; x_wconf 85' lang='lat' dir='ltr'>diversa</span> <span class='ocrx_word' id='word_1_74' title='bbox 1526 1386 1921 1464; x_wconf 83' lang='lat' dir='ltr'>secundum</span> <span class='ocrx_word' id='word_1_75' title='bbox 1974 1386 2116 1464; x_wconf 76' lang='lat' dir='ltr'>effe</span> <span class='ocrx_word' id='word_1_76' title='bbox 2153 1437 2179 1480; x_wconf 82' lang='lat'>‚</span> <span class='ocrx_word' id='word_1_77' title='bbox 2231 1381 2328 1462; x_wconf 84' lang='lat' dir='ltr'>fit</span> 
     </span>
     <span class='ocr_line' id='line_1_13' title="bbox 767 1485 2327 1602; baseline -0.005 -32"><span class='ocrx_word' id='word_1_78' title='bbox 767 1489 1100 1592; x_wconf 84' lang='lat' dir='ltr'>operatio</span> <span class='ocrx_word' id='word_1_79' title='bbox 1153 1513 1295 1565; x_wconf 89' lang='lat' dir='ltr'>una</span> <span class='ocrx_word' id='word_1_80' title='bbox 1337 1543 1357 1564; x_wconf 95' lang='lat'>.</span> <span class='ocrx_word' id='word_1_81' title='bbox 1414 1485 1616 1567; x_wconf 91' lang='lat' dir='ltr'>Dico</span> <span class='ocrx_word' id='word_1_82' title='bbox 1661 1506 1911 1566; x_wconf 83' lang='lat' dir='ltr'>autem</span> <span class='ocrx_word' id='word_1_83' title='bbox 1963 1486 2327 1602; x_wconf 68' lang='lat' dir='ltr'>operatio-</span> 
     </span>
     <span class='ocr_line' id='line_1_14' title="bbox 765 1607 2333 1690; baseline -0.004 -19"><span class='ocrx_word' id='word_1_84' title='bbox 765 1618 943 1671; x_wconf 92' lang='lat' dir='ltr'>nem</span> <span class='ocrx_word' id='word_1_85' title='bbox 998 1615 1220 1672; x_wconf 87' lang='lat' dir='ltr'>unam</span> <span class='ocrx_word' id='word_1_86' title='bbox 1269 1645 1295 1686; x_wconf 84' lang='lat'><em>‚</em></span> <span class='ocrx_word' id='word_1_87' title='bbox 1366 1614 1520 1668; x_wconf 85' lang='lat' dir='ltr'>non</span> <span class='ocrx_word' id='word_1_88' title='bbox 1588 1614 1681 1667; x_wconf 88' lang='lat' dir='ltr'>ex</span> <span class='ocrx_word' id='word_1_89' title='bbox 1750 1607 1961 1690; x_wconf 88' lang='lat' dir='ltr'>parte</span> <span class='ocrx_word' id='word_1_90' title='bbox 2023 1615 2175 1687; x_wconf 70' lang='lat' dir='ltr'>ejus</span> <span class='ocrx_word' id='word_1_91' title='bbox 2246 1613 2333 1666; x_wconf 84' lang='lat' dir='ltr'>m</span> 
     </span>
     <span class='ocr_line' id='line_1_15' title="bbox 761 1689 2327 1796; baseline -0.004 -24"><span class='ocrx_word' id='word_1_92' title='bbox 761 1694 958 1796; x_wconf 86' lang='lat' dir='ltr'>quod</span> <span class='ocrx_word' id='word_1_93' title='bbox 998 1692 1435 1770; x_wconf 84' lang='lat' dir='ltr'>terminatur</span> <span class='ocrx_word' id='word_1_94' title='bbox 1485 1689 1878 1786; x_wconf 60' lang='lat' dir='ltr'>astimsed</span> <span class='ocrx_word' id='word_1_95' title='bbox 1930 1691 2327 1771; x_wconf 85' lang='lat' dir='ltr'>secundum</span> 
     </span>
     <span class='ocr_line' id='line_1_16' title="bbox 762 1792 2330 1898; baseline -0.004 -23"><span class='ocrx_word' id='word_1_96' title='bbox 762 1795 960 1898; x_wconf 91' lang='lat' dir='ltr'>quod</span> <span class='ocrx_word' id='word_1_97' title='bbox 998 1795 1382 1894; x_wconf 46' lang='lat' dir='ltr'>„egreditur</span> <span class='ocrx_word' id='word_1_98' title='bbox 1415 1796 1508 1872; x_wconf 84' lang='lat' dir='ltr'>ab</span> <span class='ocrx_word' id='word_1_99' title='bbox 1539 1811 1805 1894; x_wconf 85' lang='lat' dir='ltr'>agente</span> <span class='ocrx_word' id='word_1_100' title='bbox 1830 1793 2091 1873; x_wconf 88' lang='lat' dir='ltr'>:multi</span> <span class='ocrx_word' id='word_1_101' title='bbox 2119 1792 2330 1870; x_wconf 88' lang='lat' dir='ltr'>enim</span> 
     </span>
     <span class='ocr_line' id='line_1_17' title="bbox 764 1890 2325 1991; baseline -0.004 -14"><span class='ocrx_word' id='word_1_102' title='bbox 764 1898 1130 1977; x_wconf 88' lang='lat' dir='ltr'>trahentes</span> <span class='ocrx_word' id='word_1_103' title='bbox 1186 1897 1441 1974; x_wconf 86' lang='lat' dir='ltr'>navim</span> <span class='ocrx_word' id='word_1_104' title='bbox 1462 1950 1488 1991; x_wconf 87' lang='lat'>,</span> <span class='ocrx_word' id='word_1_105' title='bbox 1542 1921 1768 1973; x_wconf 87' lang='lat' dir='ltr'>unam</span> <span class='ocrx_word' id='word_1_106' title='bbox 1820 1894 2192 1975; x_wconf 61' lang='lat' dir='ltr'>astionem</span> <span class='ocrx_word' id='word_1_107' title='bbox 2227 1890 2325 1970; x_wconf 85' lang='lat' dir='ltr'>fa-</span> 
     </span>
     <span class='ocr_line' id='line_1_18' title="bbox 766 1997 2336 2099; baseline -0.004 -19"><span class='ocrx_word' id='word_1_108' title='bbox 766 2001 975 2080; x_wconf 87' lang='lat' dir='ltr'>ciunt</span> <span class='ocrx_word' id='word_1_109' title='bbox 1002 2024 1093 2076; x_wconf 86' lang='lat' dir='ltr'>ex</span> <span class='ocrx_word' id='word_1_110' title='bbox 1145 2018 1347 2099; x_wconf 81' lang='lat' dir='ltr'>parte</span> <span class='ocrx_word' id='word_1_111' title='bbox 1370 1999 1652 2098; x_wconf 86' lang='lat' dir='ltr'>operati</span> <span class='ocrx_word' id='word_1_112' title='bbox 1673 2052 1697 2091; x_wconf 77' lang='lat'><strong>‚</strong></span> <span class='ocrx_word' id='word_1_113' title='bbox 1722 2000 1921 2098; x_wconf 88' lang='lat' dir='ltr'>quod</span> <span class='ocrx_word' id='word_1_114' title='bbox 1944 1997 2042 2076; x_wconf 85' lang='lat' dir='ltr'>est</span> <span class='ocrx_word' id='word_1_115' title='bbox 2066 2021 2336 2090; x_wconf 82' lang='lat' dir='ltr'>unum,</span> 
     </span>
     <span class='ocr_line' id='line_1_19' title="bbox 767 2099 2330 2198; baseline -0.003 -19"><span class='ocrx_word' id='word_1_116' title='bbox 767 2103 889 2179; x_wconf 87' lang='lat' dir='ltr'>sed</span> <span class='ocrx_word' id='word_1_117' title='bbox 941 2121 1189 2180; x_wconf 88' lang='lat' dir='ltr'>tamen</span> <span class='ocrx_word' id='word_1_118' title='bbox 1241 2121 1332 2178; x_wconf 84' lang='lat' dir='ltr'>ex</span> <span class='ocrx_word' id='word_1_119' title='bbox 1387 2117 1587 2198; x_wconf 88' lang='lat' dir='ltr'>parte</span> <span class='ocrx_word' id='word_1_120' title='bbox 1659 2101 2104 2178; x_wconf 80' lang='lat' dir='ltr'>trahentium</span> <span class='ocrx_word' id='word_1_121' title='bbox 2160 2099 2330 2175; x_wconf 82' lang='lat' dir='ltr'>sunt</span> 
     </span>
    </p>
   </div>
   <div class='ocr_carea' id='block_1_5' title="bbox 641 2197 2327 2302">
    <p class='ocr_par' dir='ltr' id='par_1_6' title="bbox 641 2197 2327 2302">
     <span class='ocr_line' id='line_1_20' title="bbox 641 2197 2327 2302; baseline -0.007 -17"><span class='ocrx_word' id='word_1_122' title='bbox 641 2290 653 2302; x_wconf 61' lang='grc'>,</span> <span class='ocrx_word' id='word_1_123' title='bbox 765 2202 1016 2284; x_wconf 83' lang='lat' dir='ltr'>multae</span> <span class='ocrx_word' id='word_1_124' title='bbox 1070 2200 1441 2294; x_wconf 62' lang='lat' dir='ltr'>aestimes,</span> <span class='ocrx_word' id='word_1_125' title='bbox 1491 2199 1667 2299; x_wconf 82' lang='lat' dir='ltr'>quia</span> <span class='ocrx_word' id='word_1_126' title='bbox 1691 2199 1853 2277; x_wconf 89' lang='lat' dir='ltr'>sunt</span> <span class='ocrx_word' id='word_1_127' title='bbox 1901 2197 2162 2277; x_wconf 82' lang='lat' dir='ltr'>diversi</span> <span class='ocrx_word' id='word_1_128' title='bbox 2187 2199 2327 2275; x_wconf 92' lang='lat' dir='ltr'>im-</span> 
     </span>
    </p>
   </div>
   <div class='ocr_carea' id='block_1_6' title="bbox 702 2298 2364 5049">
    <p class='ocr_par' dir='ltr' id='par_1_7' title="bbox 702 2298 2344 4106">
     <span class='ocr_line' id='line_1_21' title="bbox 766 2298 2333 2402; baseline -0.004 -22"><span class='ocrx_word' id='word_1_129' title='bbox 766 2301 1005 2402; x_wconf 84' lang='lat' dir='ltr'>pulsus</span> <span class='ocrx_word' id='word_1_130' title='bbox 1059 2302 1149 2378; x_wconf 89' lang='lat' dir='ltr'>ad</span> <span class='ocrx_word' id='word_1_131' title='bbox 1229 2298 1660 2378; x_wconf 87' lang='lat' dir='ltr'>trahendum</span> <span class='ocrx_word' id='word_1_132' title='bbox 1721 2325 1739 2373; x_wconf 75' lang='grc' dir='ltr'><strong><em>ε</em></strong></span> <span class='ocrx_word' id='word_1_133' title='bbox 1816 2325 2052 2398; x_wconf 87' lang='lat' dir='ltr'>quum</span> <span class='ocrx_word' id='word_1_134' title='bbox 2122 2298 2333 2374; x_wconf 86' lang='lat' dir='ltr'>enim</span> 
     </span>
     <span class='ocr_line' id='line_1_22' title="bbox 766 2397 2329 2501; baseline -0.005 -19"><span class='ocrx_word' id='word_1_135' title='bbox 766 2400 964 2482; x_wconf 71' lang='lat' dir='ltr'>afflo</span> <span class='ocrx_word' id='word_1_136' title='bbox 1014 2399 1496 2501; x_wconf 84' lang='lat' dir='ltr'>consequatur</span> <span class='ocrx_word' id='word_1_137' title='bbox 1547 2397 1869 2490; x_wconf 82' lang='lat' dir='ltr'>formam</span> <span class='ocrx_word' id='word_1_138' title='bbox 1895 2455 1921 2493; x_wconf 86' lang='lat'>‚</span> <span class='ocrx_word' id='word_1_139' title='bbox 1974 2400 2049 2478; x_wconf 92' lang='grc'>8(</span> <span class='ocrx_word' id='word_1_140' title='bbox 2098 2398 2329 2475; x_wconf 80' lang='lat' dir='ltr'>virtu·</span> 
     </span>
     <span class='ocr_line' id='line_1_23' title="bbox 771 2497 2332 2604; baseline -0.006 -19"><span class='ocrx_word' id='word_1_141' title='bbox 771 2523 929 2585; x_wconf 89' lang='lat' dir='ltr'>tem</span> <span class='ocrx_word' id='word_1_142' title='bbox 965 2559 989 2598; x_wconf 77' lang='lat'>‚</span> <span class='ocrx_word' id='word_1_143' title='bbox 1042 2519 1331 2604; x_wconf 85' lang='lat' dir='ltr'>oportet</span> <span class='ocrx_word' id='word_1_144' title='bbox 1383 2502 1602 2603; x_wconf 79' lang='lat' dir='ltr'>quod&#39;</span> <span class='ocrx_word' id='word_1_145' title='bbox 1635 2525 1959 2600; x_wconf 86' lang='lat' dir='ltr'>quorum</span> <span class='ocrx_word' id='word_1_146' title='bbox 2009 2501 2176 2579; x_wconf 82' lang='lat' dir='ltr'>funt</span> <span class='ocrx_word' id='word_1_147' title='bbox 2226 2497 2332 2576; x_wconf 89' lang='lat' dir='ltr'>di·</span> 
     </span>
     <span class='ocr_line' id='line_1_24' title="bbox 767 2600 2344 2700; baseline -0.004 -14"><span class='ocrx_word' id='word_1_148' title='bbox 767 2607 990 2686; x_wconf 78' lang='lat' dir='ltr'>versae</span> <span class='ocrx_word' id='word_1_149' title='bbox 1046 2604 1343 2700; x_wconf 82' lang='lat' dir='ltr'>formae‚</span> <span class='ocrx_word' id='word_1_150' title='bbox 1395 2605 1469 2683; x_wconf 89' lang='grc'>8(</span> <span class='ocrx_word' id='word_1_151' title='bbox 1521 2603 1960 2699; x_wconf 85' lang='lat' dir='ltr'>virtutes‚&amp;</span> <span class='ocrx_word' id='word_1_152' title='bbox 2008 2600 2344 2682; x_wconf 73' lang='lat' dir='ltr'>afflones</span> 
     </span>
     <span class='ocr_line' id='line_1_25' title="bbox 768 2702 2340 2806; baseline -0.008 -16"><span class='ocrx_word' id='word_1_153' title='bbox 768 2712 913 2790; x_wconf 84' lang='lat' dir='ltr'>csse</span> <span class='ocrx_word' id='word_1_154' title='bbox 961 2708 1275 2787; x_wconf 86' lang='lat' dir='ltr'>diversas</span> <span class='ocrx_word' id='word_1_155' title='bbox 1298 2764 1315 2783; x_wconf 93' lang='lat'>.</span> <span class='ocrx_word' id='word_1_156' title='bbox 1373 2706 1741 2806; x_wconf 84' lang='lat' dir='ltr'>Quamvis</span> <span class='ocrx_word' id='word_1_157' title='bbox 1768 2726 2017 2785; x_wconf 88' lang='lat' dir='ltr'>autem</span> <span class='ocrx_word' id='word_1_158' title='bbox 2068 2702 2340 2781; x_wconf 18' lang='lat' dir='ltr'>animae*</span> 
     </span>
     <span class='ocr_line' id='line_1_26' title="bbox 769 2805 2342 2910; baseline -0.007 -19"><span class='ocrx_word' id='word_1_159' title='bbox 769 2812 858 2892; x_wconf 85' lang='lat' dir='ltr'>fit</span> <span class='ocrx_word' id='word_1_160' title='bbox 909 2810 1154 2910; x_wconf 85' lang='lat' dir='ltr'>aliqua</span> <span class='ocrx_word' id='word_1_161' title='bbox 1206 2808 1545 2910; x_wconf 84' lang='lat' dir='ltr'>operatio</span> <span class='ocrx_word' id='word_1_162' title='bbox 1592 2808 1888 2910; x_wconf 84' lang='lat' dir='ltr'>propria</span> <span class='ocrx_word' id='word_1_163' title='bbox 1938 2861 1965 2903; x_wconf 86' lang='lat'><em>‚</em></span> <span class='ocrx_word' id='word_1_164' title='bbox 2037 2805 2120 2884; x_wconf 90' lang='lat' dir='ltr'>in</span> <span class='ocrx_word' id='word_1_165' title='bbox 2190 2826 2342 2904; x_wconf 81' lang='lat' dir='ltr'>qua</span> 
     </span>
     <span class='ocr_line' id='line_1_27' title="bbox 768 2903 2333 3006; baseline -0.006 -15"><span class='ocrx_word' id='word_1_166' title='bbox 768 2940 922 2991; x_wconf 88' lang='lat' dir='ltr'>non</span> <span class='ocrx_word' id='word_1_167' title='bbox 973 2912 1477 2990; x_wconf 85' lang='lat' dir='ltr'>communicat</span> <span class='ocrx_word' id='word_1_168' title='bbox 1528 2930 1836 3006; x_wconf 86' lang='lat' dir='ltr'>corpus,</span> <span class='ocrx_word' id='word_1_169' title='bbox 1887 2907 2072 2987; x_wconf 82' lang='lat' dir='ltr'>ficut</span> <span class='ocrx_word' id='word_1_170' title='bbox 2116 2903 2333 2984; x_wconf 88' lang='lat' dir='ltr'>intel·</span> 
     </span>
     <span class='ocr_line' id='line_1_28' title="bbox 773 3007 2333 3112; baseline -0.006 -20"><span class='ocrx_word' id='word_1_171' title='bbox 773 3015 1008 3112; x_wconf 85' lang='lat' dir='ltr'>ligere</span> <span class='ocrx_word' id='word_1_172' title='bbox 1053 3039 1078 3103; x_wconf 67' lang='grc' dir='ltr'><strong>ς</strong></span> <span class='ocrx_word' id='word_1_173' title='bbox 1130 3012 1293 3088; x_wconf 85' lang='lat' dir='ltr'>sunt</span> <span class='ocrx_word' id='word_1_174' title='bbox 1344 3030 1596 3087; x_wconf 87' lang='lat' dir='ltr'>tamen</span> <span class='ocrx_word' id='word_1_175' title='bbox 1650 3011 1918 3108; x_wconf 81' lang='lat' dir='ltr'>aliquae</span> <span class='ocrx_word' id='word_1_176' title='bbox 1971 3007 2333 3107; x_wconf 88' lang='lat' dir='ltr'>operatio-</span> 
     </span>
     <span class='ocr_line' id='line_1_29' title="bbox 768 3108 2331 3210; baseline -0.007 -17"><span class='ocrx_word' id='word_1_177' title='bbox 768 3139 901 3194; x_wconf 83' lang='lat' dir='ltr'>nes</span> <span class='ocrx_word' id='word_1_178' title='bbox 948 3135 1388 3191; x_wconf 89' lang='lat' dir='ltr'>communes</span> <span class='ocrx_word' id='word_1_179' title='bbox 1441 3109 1572 3187; x_wconf 86' lang='lat' dir='ltr'>fibi</span> <span class='ocrx_word' id='word_1_180' title='bbox 1614 3166 1641 3207; x_wconf 86' lang='lat'>‚</span> <span class='ocrx_word' id='word_1_181' title='bbox 1711 3112 1785 3187; x_wconf 91' lang='grc'>8(</span> <span class='ocrx_word' id='word_1_182' title='bbox 1854 3108 2203 3210; x_wconf 84' lang='lat' dir='ltr'>corpori,</span> <span class='ocrx_word' id='word_1_183' title='bbox 2247 3118 2331 3183; x_wconf 85' lang='lat' dir='ltr'>ut</span> 
     </span>
     <span class='ocr_line' id='line_1_30' title="bbox 775 3209 2331 3307; baseline -0.007 -11"><span class='ocrx_word' id='word_1_184' title='bbox 775 3217 1081 3305; x_wconf 82' lang='lat' dir='ltr'>timere,</span> <span class='ocrx_word' id='word_1_185' title='bbox 1136 3214 1205 3289; x_wconf 93' lang='grc'>8(</span> <span class='ocrx_word' id='word_1_186' title='bbox 1261 3210 1522 3303; x_wconf 75' lang='lat' dir='ltr'>irasci,</span> <span class='ocrx_word' id='word_1_187' title='bbox 1572 3209 1645 3287; x_wconf 87' lang='grc'>8(</span> <span class='ocrx_word' id='word_1_188' title='bbox 1694 3211 1957 3290; x_wconf 80' lang='lat' dir='ltr'>sentire</span> <span class='ocrx_word' id='word_1_189' title='bbox 1997 3265 2024 3307; x_wconf 86' lang='lat'><strong>‚</strong></span> <span class='ocrx_word' id='word_1_190' title='bbox 2074 3210 2151 3288; x_wconf 89' lang='grc'>8(</span> <span class='ocrx_word' id='word_1_191' title='bbox 2202 3209 2331 3285; x_wconf 82' lang='lat' dir='ltr'>hu-</span> 
     </span>
     <span class='ocr_line' id='line_1_31' title="bbox 778 3310 2338 3419; baseline -0.007 -23"><span class='ocrx_word' id='word_1_192' title='bbox 778 3317 1139 3419; x_wconf 79' lang='lat' dir='ltr'>jusmodi:</span> <span class='ocrx_word' id='word_1_193' title='bbox 1199 3313 1349 3393; x_wconf 82' lang='lat' dir='ltr'>haec</span> <span class='ocrx_word' id='word_1_194' title='bbox 1400 3312 1609 3389; x_wconf 86' lang='lat' dir='ltr'>enim</span> <span class='ocrx_word' id='word_1_195' title='bbox 1677 3315 2022 3393; x_wconf 82' lang='lat' dir='ltr'>accidunt</span> <span class='ocrx_word' id='word_1_196' title='bbox 2088 3310 2338 3387; x_wconf 47' lang='lat' dir='ltr'>secun*</span> 
     </span>
     <span class='ocr_line' id='line_1_32' title="bbox 780 3408 2331 3515; baseline -0.007 -17"><span class='ocrx_word' id='word_1_197' title='bbox 780 3423 955 3498; x_wconf 88' lang='lat' dir='ltr'>dum</span> <span class='ocrx_word' id='word_1_198' title='bbox 1008 3417 1335 3515; x_wconf 76' lang='lat' dir='ltr'>aliquam</span> <span class='ocrx_word' id='word_1_199' title='bbox 1388 3411 2075 3499; x_wconf 77' lang='lat' dir='ltr'>transmutationem</span> <span class='ocrx_word' id='word_1_200' title='bbox 2107 3408 2331 3489; x_wconf 87' lang='lat' dir='ltr'>alicu-</span> 
     </span>
     <span class='ocr_line' id='line_1_33' title="bbox 780 3516 2335 3621; baseline -0.007 -20"><span class='ocrx_word' id='word_1_201' title='bbox 780 3521 893 3621; x_wconf 70' lang='lat' dir='ltr'>ius</span> <span class='ocrx_word' id='word_1_202' title='bbox 943 3518 1445 3597; x_wconf 72' lang='lat' dir='ltr'>determinatae</span> <span class='ocrx_word' id='word_1_203' title='bbox 1499 3516 1725 3613; x_wconf 85' lang='lat' dir='ltr'>partis</span> <span class='ocrx_word' id='word_1_204' title='bbox 1774 3516 2097 3615; x_wconf 82' lang='lat' dir='ltr'>corporis</span> <span class='ocrx_word' id='word_1_205' title='bbox 2140 3540 2157 3587; x_wconf 78' lang='lat' dir='ltr'><em>z</em></span> <span class='ocrx_word' id='word_1_206' title='bbox 2238 3536 2335 3590; x_wconf 78' lang='lat' dir='ltr'>ex</span> 
     </span>
     <span class='ocr_line' id='line_1_34' title="bbox 781 3614 2335 3723; baseline -0.006 -23"><span class='ocrx_word' id='word_1_207' title='bbox 781 3649 932 3723; x_wconf 90' lang='lat' dir='ltr'>quo</span> <span class='ocrx_word' id='word_1_208' title='bbox 988 3636 1184 3718; x_wconf 80' lang='lat' dir='ltr'>patet</span> <span class='ocrx_word' id='word_1_209' title='bbox 1236 3620 1433 3717; x_wconf 82' lang='lat' dir='ltr'>quod</span> <span class='ocrx_word' id='word_1_210' title='bbox 1507 3615 1716 3694; x_wconf 77' lang='lat' dir='ltr'>simul</span> <span class='ocrx_word' id='word_1_211' title='bbox 1758 3618 1955 3695; x_wconf 22' lang='lat' dir='ltr'>*sunt</span> <span class='ocrx_word' id='word_1_212' title='bbox 2021 3614 2335 3709; x_wconf 83' lang='lat' dir='ltr'>animae‚</span> 
     </span>
     <span class='ocr_line' id='line_1_35' title="bbox 779 3714 2332 3820; baseline -0.008 -17"><span class='ocrx_word' id='word_1_213' title='bbox 779 3724 858 3803; x_wconf 88' lang='lat'>&amp;</span> <span class='ocrx_word' id='word_1_214' title='bbox 905 3720 1227 3820; x_wconf 90' lang='lat' dir='ltr'>corporis</span> <span class='ocrx_word' id='word_1_215' title='bbox 1279 3718 1778 3819; x_wconf 84' lang='lat' dir='ltr'>operationes.</span> <span class='ocrx_word' id='word_1_216' title='bbox 1823 3721 2143 3816; x_wconf 88' lang='lat' dir='ltr'>Oportet</span> <span class='ocrx_word' id='word_1_217' title='bbox 2193 3714 2332 3813; x_wconf 83' lang='lat' dir='ltr'>&#39;rgi-</span> 
     </span>
     <span class='ocr_line' id='line_1_36' title="bbox 781 3814 2338 3918; baseline -0.008 -13"><span class='ocrx_word' id='word_1_218' title='bbox 781 3840 900 3905; x_wconf 85' lang='lat' dir='ltr'>tur</span> <span class='ocrx_word' id='word_1_219' title='bbox 950 3848 1036 3901; x_wconf 87' lang='lat' dir='ltr'>ex</span> <span class='ocrx_word' id='word_1_220' title='bbox 1090 3820 1345 3915; x_wconf 48' lang='lat' dir='ltr'>anima,</span> <span class='ocrx_word' id='word_1_221' title='bbox 1387 3821 1461 3898; x_wconf 89' lang='grc'>8(</span> <span class='ocrx_word' id='word_1_222' title='bbox 1510 3843 1814 3918; x_wconf 88' lang='lat' dir='ltr'>corpore</span> <span class='ocrx_word' id='word_1_223' title='bbox 1864 3843 2095 3896; x_wconf 87' lang='lat' dir='ltr'>unum</span> <span class='ocrx_word' id='word_1_224' title='bbox 2148 3814 2338 3912; x_wconf 82' lang='lat' dir='ltr'>fieri,</span> 
     </span>
     <span class='ocr_line' id='line_1_37' title="bbox 780 3918 2336 4024; baseline 0.002 -20"><span class='ocrx_word' id='word_1_225' title='bbox 780 3925 858 4011; x_wconf 88' lang='grc'>8(</span> <span class='ocrx_word' id='word_1_226' title='bbox 907 3924 1104 4024; x_wconf 86' lang='lat' dir='ltr'>quod</span> <span class='ocrx_word' id='word_1_227' title='bbox 1157 3946 1321 4000; x_wconf 87' lang='lat' dir='ltr'>non·</span> <span class='ocrx_word' id='word_1_228' title='bbox 1358 3920 1501 4000; x_wconf 75' lang='lat' dir='ltr'>sint</span> <span class='ocrx_word' id='word_1_229' title='bbox 1565 3919 1959 4003; x_wconf 78' lang='lat' dir='ltr'>secundum</span> <span class='ocrx_word' id='word_1_230' title='bbox 2026 3918 2166 4003; x_wconf 81' lang='lat' dir='ltr'>effe</span> <span class='ocrx_word' id='word_1_231' title='bbox 2229 3918 2336 4007; x_wconf 62' lang='lat' dir='ltr'>di·</span> 
     </span>
     <span class='ocr_line' id='line_1_38' title="bbox 702 4028 1025 4106; baseline 0 -3"><span class='ocrx_word' id='word_1_232' title='bbox 702 4096 711 4103; x_wconf 90' lang='lat'>.</span> <span class='ocrx_word' id='word_1_233' title='bbox 785 4028 1025 4106; x_wconf 86' lang='lat' dir='ltr'>versa.</span> 
     </span>
    </p>

    <p class='ocr_par' dir='ltr' id='par_1_8' title="bbox 782 4118 2364 5049">
     <span class='ocr_line' id='line_1_39' title="bbox 885 4118 2340 4208; baseline -0.006 0"><span class='ocrx_word' id='word_1_234' title='bbox 885 4128 1087 4208; x_wconf 85' lang='lat' dir='ltr'>Huic</span> <span class='ocrx_word' id='word_1_235' title='bbox 1140 4143 1388 4205; x_wconf 88' lang='lat' dir='ltr'>autem</span> <span class='ocrx_word' id='word_1_236' title='bbox 1434 4121 1713 4204; x_wconf 73' lang='lat' dir='ltr'>rationi</span> <span class='ocrx_word' id='word_1_237' title='bbox 1738 4118 2135 4204; x_wconf 83' lang='lat' dir='ltr'>secundum</span> <span class='ocrx_word' id='word_1_238' title='bbox 2175 4118 2340 4200; x_wconf 87' lang='lat' dir='ltr'>Pla-</span> 
     </span>
     <span class='ocr_line' id='line_1_40' title="bbox 787 4224 2339 4308; baseline -0.005 0"><span class='ocrx_word' id='word_1_239' title='bbox 787 4229 987 4308; x_wconf 83' lang='lat' dir='ltr'>tonis</span> <span class='ocrx_word' id='word_1_240' title='bbox 1012 4229 1448 4307; x_wconf 87' lang='lat' dir='ltr'>sententiam</span> <span class='ocrx_word' id='word_1_241' title='bbox 1467 4226 1818 4307; x_wconf 83' lang='lat' dir='ltr'>ob&#39;viatur</span> <span class='ocrx_word' id='word_1_242' title='bbox 1836 4282 1857 4302; x_wconf 95' lang='lat'>.</span> <span class='ocrx_word' id='word_1_243' title='bbox 1878 4225 2102 4304; x_wconf 82' lang='lat' dir='ltr'>Nihil</span> <span class='ocrx_word' id='word_1_244' title='bbox 2133 4224 2339 4302; x_wconf 87' lang='lat' dir='ltr'>enim</span> 
     </span>
     <span class='ocr_line' id='line_1_41' title="bbox 786 4325 2340 4423; baseline -0.005 -14"><span class='ocrx_word' id='word_1_245' title='bbox 786 4329 1314 4409; x_wconf 81' lang='lat' dir='ltr'>inconveniens</span> <span class='ocrx_word' id='word_1_246' title='bbox 1363 4327 1464 4407; x_wconf 78' lang='lat' dir='ltr'>est</span> <span class='ocrx_word' id='word_1_247' title='bbox 1516 4328 1927 4423; x_wconf 87' lang='lat' dir='ltr'>moventis,</span> <span class='ocrx_word' id='word_1_248' title='bbox 1977 4326 2053 4405; x_wconf 89' lang='grc'>8(</span> <span class='ocrx_word' id='word_1_249' title='bbox 2100 4325 2340 4420; x_wconf 85' lang='lat' dir='ltr'>moti,</span> 
     </span>
     <span class='ocr_line' id='line_1_42' title="bbox 782 4424 2339 4533; baseline -0.004 -25"><span class='ocrx_word' id='word_1_250' title='bbox 782 4429 1130 4533; x_wconf 84' lang='lat' dir='ltr'>quamvis</span> <span class='ocrx_word' id='word_1_251' title='bbox 1181 4430 1574 4508; x_wconf 84' lang='lat' dir='ltr'>secundum</span> <span class='ocrx_word' id='word_1_252' title='bbox 1625 4429 1766 4509; x_wconf 78' lang='lat' dir='ltr'>effe</span> <span class='ocrx_word' id='word_1_253' title='bbox 1839 4424 2339 4519; x_wconf 86' lang='lat' dir='ltr'>diversorum,</span> 
     </span>
     <span class='ocr_line' id='line_1_43' title="bbox 786 4527 2338 4619; baseline -0.005 -6"><span class='ocrx_word' id='word_1_254' title='bbox 786 4532 939 4613; x_wconf 75' lang='lat' dir='ltr'>effe.</span> <span class='ocrx_word' id='word_1_255' title='bbox 981 4532 1325 4619; x_wconf 82' lang='lat' dir='ltr'>eumdem</span> <span class='ocrx_word' id='word_1_256' title='bbox 1376 4528 1662 4611; x_wconf 65' lang='lat' dir='ltr'>astum:</span> <span class='ocrx_word' id='word_1_257' title='bbox 1714 4554 1892 4608; x_wconf 86' lang='lat' dir='ltr'>nam</span> <span class='ocrx_word' id='word_1_258' title='bbox 1941 4544 2186 4609; x_wconf 83' lang='lat' dir='ltr'>motus</span> <span class='ocrx_word' id='word_1_259' title='bbox 2236 4527 2338 4606; x_wconf 88' lang='lat' dir='ltr'>est</span> 
     </span>
     <span class='ocr_line' id='line_1_44' title="bbox 787 4624 2341 4737; baseline -0.003 -24"><span class='ocrx_word' id='word_1_260' title='bbox 787 4633 989 4737; x_wconf 65' lang='lat' dir='ltr'>idem</span> <span class='ocrx_word' id='word_1_261' title='bbox 1044 4624 1243 4731; x_wconf 66' lang='lat' dir='ltr'>quoii</span> <span class='ocrx_word' id='word_1_262' title='bbox 1278 4628 1495 4710; x_wconf 62' lang='lat' dir='ltr'>astus</span> <span class='ocrx_word' id='word_1_263' title='bbox 1547 4631 1918 4725; x_wconf 78' lang='lat' dir='ltr'>moventis</span> <span class='ocrx_word' id='word_1_264' title='bbox 1971 4685 2000 4732; x_wconf 82' lang='lat'>‚</span> <span class='ocrx_word' id='word_1_265' title='bbox 2066 4627 2245 4709; x_wconf 84' lang='lat' dir='ltr'>ficut</span> <span class='ocrx_word' id='word_1_266' title='bbox 2295 4656 2341 4708; x_wconf 87' lang='lat' dir='ltr'>a</span> 
     </span>
     <span class='ocr_line' id='line_1_45' title="bbox 785 4730 2344 4837; baseline 0.002 -26"><span class='ocrx_word' id='word_1_267' title='bbox 785 4754 940 4837; x_wconf 84' lang='lat' dir='ltr'>quo</span> <span class='ocrx_word' id='word_1_268' title='bbox 976 4733 1090 4815; x_wconf 71' lang='lat' dir='ltr'>t‘st</span> <span class='ocrx_word' id='word_1_269' title='bbox 1138 4787 1162 4829; x_wconf 79' lang='lat'>‚</span> <span class='ocrx_word' id='word_1_270' title='bbox 1215 4732 1408 4809; x_wconf 90' lang='lat' dir='ltr'>moti</span> <span class='ocrx_word' id='word_1_271' title='bbox 1460 4753 1713 4811; x_wconf 87' lang='lat' dir='ltr'>autem</span> <span class='ocrx_word' id='word_1_272' title='bbox 1782 4731 1961 4812; x_wconf 83' lang='lat' dir='ltr'>ficut</span> <span class='ocrx_word' id='word_1_273' title='bbox 2044 4730 2127 4810; x_wconf 88' lang='lat' dir='ltr'>in</span> <span class='ocrx_word' id='word_1_274' title='bbox 2190 4738 2344 4830; x_wconf 80' lang='lat' dir='ltr'>quo</span> 
     </span>
     <span class='ocr_line' id='line_1_46' title="bbox 787 4816 2363 4934; baseline -0.002 -19"><span class='ocrx_word' id='word_1_275' title='bbox 787 4833 890 4915; x_wconf 84' lang='lat' dir='ltr'>est</span> <span class='ocrx_word' id='word_1_276' title='bbox 953 4891 974 4912; x_wconf 96' lang='lat'>.</span> <span class='ocrx_word' id='word_1_277' title='bbox 1030 4816 1151 4915; x_wconf 80' lang='lat' dir='ltr'>Sic</span> <span class='ocrx_word' id='word_1_278' title='bbox 1204 4834 1432 4934; x_wconf 84' lang='lat' dir='ltr'>igitur</span> <span class='ocrx_word' id='word_1_279' title='bbox 1486 4833 1709 4911; x_wconf 86' lang='lat' dir='ltr'>Plato</span> <span class='ocrx_word' id='word_1_280' title='bbox 1754 4834 1994 4929; x_wconf 87' lang='lat' dir='ltr'>posuit</span> <span class='ocrx_word' id='word_1_281' title='bbox 2043 4835 2363 4934; x_wconf 77' lang='lat' dir='ltr'>praemis-</span> 
     </span>
     <span class='ocr_line' id='line_1_47' title="bbox 791 4932 2364 5049; baseline 0.002 -32"><span class='ocrx_word' id='word_1_282' title='bbox 791 4935 897 5049; x_wconf 83' lang='lat' dir='ltr'>sas</span> <span class='ocrx_word' id='word_1_283' title='bbox 960 4936 1423 5040; x_wconf 71' lang='lat' dir='ltr'>operationes</span> <span class='ocrx_word' id='word_1_284' title='bbox 1473 4934 1611 5013; x_wconf 75' lang='lat' dir='ltr'>effe</span> <span class='ocrx_word' id='word_1_285' title='bbox 1681 4932 1947 5020; x_wconf 80' lang='lat' dir='ltr'>animae</span> <span class='ocrx_word' id='word_1_286' title='bbox 2014 4935 2364 5041; x_wconf 71' lang='lat' dir='ltr'>corporis·</span> 
     </span>
    </p>
   </div>
   <div class='ocr_carea' id='block_1_7' title="bbox 2417 689 3982 1179">
    <p class='ocr_par' dir='ltr' id='par_1_9' title="bbox 2417 689 2665 752">
     <span class='ocr_line' id='line_1_48' title="bbox 2417 689 2665 752; baseline 0.004 -5"><span class='ocrx_word' id='word_1_287' title='bbox 2417 689 2608 752; x_wconf 74' lang='lat' dir='ltr'>moti</span> <span class='ocrx_word' id='word_1_288' title='bbox 2643 729 2665 748; x_wconf 95' lang='lat'>.</span> 
     </span>
    </p>

    <p class='ocr_par' dir='ltr' id='par_1_10' title="bbox 2417 774 3982 1179">
     <span class='ocr_line' id='line_1_49' title="bbox 2519 774 3974 880; baseline 0.005 -26"><span class='ocrx_word' id='word_1_289' title='bbox 2519 774 2664 854; x_wconf 90' lang='lat' dir='ltr'>Sed</span> <span class='ocrx_word' id='word_1_290' title='bbox 2712 777 2854 857; x_wconf 88' lang='lat' dir='ltr'>hoc</span> <span class='ocrx_word' id='word_1_291' title='bbox 2905 778 3048 856; x_wconf 82' lang='lat' dir='ltr'>effe</span> <span class='ocrx_word' id='word_1_292' title='bbox 3097 803 3254 858; x_wconf 88' lang='lat' dir='ltr'>non</span> <span class='ocrx_word' id='word_1_293' title='bbox 3307 775 3586 880; x_wconf 88' lang='lat' dir='ltr'>potest:</span> <span class='ocrx_word' id='word_1_294' title='bbox 3638 777 3854 880; x_wconf 78' lang='lat' dir='ltr'>quia,</span> <span class='ocrx_word' id='word_1_295' title='bbox 3887 794 3974 862; x_wconf 86' lang='lat' dir='ltr'>ut</span> 
     </span>
     <span class='ocr_line' id='line_1_50' title="bbox 2418 877 3982 981; baseline 0.006 -29"><span class='ocrx_word' id='word_1_296' title='bbox 2418 878 2680 974; x_wconf 89' lang='lat' dir='ltr'>probat</span> <span class='ocrx_word' id='word_1_297' title='bbox 2731 877 3348 981; x_wconf 86' lang='lat' dir='ltr'>Philosophusin</span> <span class='ocrx_word' id='word_1_298' title='bbox 3407 886 3507 960; x_wconf 90' lang='grc' dir='ltr'>ΙΙ.</span> <span class='ocrx_word' id='word_1_299' title='bbox 3557 882 3648 959; x_wconf 89' lang='lat' dir='ltr'>de</span> <span class='ocrx_word' id='word_1_300' title='bbox 3696 883 3982 962; x_wconf 84' lang='lat' dir='ltr'>Anima</span> 
     </span>
     <span class='ocr_line' id='line_1_51' title="bbox 2417 978 3980 1093; baseline 0.004 -38"><span class='ocrx_word' id='word_1_301' title='bbox 2417 978 2443 1093; x_wconf 67' lang='grc' dir='ltr'>ζ</span> <span class='ocrx_word' id='word_1_302' title='bbox 2498 994 2676 1059; x_wconf 85' lang='lat' dir='ltr'>text.</span> <span class='ocrx_word' id='word_1_303' title='bbox 2727 1007 3001 1060; x_wconf 87' lang='lat' dir='ltr'>comm.</span> <span class='ocrx_word' id='word_1_304' title='bbox 3054 983 3156 1059; x_wconf 83' lang='lat'>11.</span> <span class='ocrx_word' id='word_1_305' title='bbox 3210 983 3240 1080; x_wconf 93' lang='lat'><em>)</em></span> <span class='ocrx_word' id='word_1_306' title='bbox 3292 983 3846 1062; x_wconf 85' lang='lat' dir='ltr'>sentireaccidit</span> <span class='ocrx_word' id='word_1_307' title='bbox 3897 984 3980 1062; x_wconf 90' lang='lat' dir='ltr'>in</span> 
     </span>
     <span class='ocr_line' id='line_1_52' title="bbox 2419 1078 3976 1179; baseline 0.004 -24"><span class='ocrx_word' id='word_1_308' title='bbox 2419 1078 2574 1179; x_wconf 77' lang='lat' dir='ltr'>ipso</span> <span class='ocrx_word' id='word_1_309' title='bbox 2624 1083 2914 1163; x_wconf 85' lang='lat' dir='ltr'>moveri</span> <span class='ocrx_word' id='word_1_310' title='bbox 2963 1110 3008 1160; x_wconf 81' lang='lat' dir='ltr'>a</span> <span class='ocrx_word' id='word_1_311' title='bbox 3060 1083 3516 1165; x_wconf 81' lang='lat' dir='ltr'>sensibilibus</span> <span class='ocrx_word' id='word_1_312' title='bbox 3594 1085 3976 1164; x_wconf 84' lang='lat' dir='ltr'>exteriori-</span> 
     </span>
    </p>
   </div>
   <div class='ocr_carea' id='block_1_8' title="bbox 2339 1182 3990 1288">
    <p class='ocr_par' dir='ltr' id='par_1_11' title="bbox 2339 1182 3990 1288">
     <span class='ocr_line' id='line_1_53' title="bbox 2339 1182 3990 1288; baseline 0.001 -24"><span class='ocrx_word' id='word_1_313' title='bbox 2339 1241 2350 1264; x_wconf 81' lang='lat'>.</span> <span class='ocrx_word' id='word_1_314' title='bbox 2419 1182 2556 1263; x_wconf 88' lang='lat' dir='ltr'>bus</span> <span class='ocrx_word' id='word_1_315' title='bbox 2608 1212 2626 1262; x_wconf 75' lang='grc' dir='ltr'>ε</span> <span class='ocrx_word' id='word_1_316' title='bbox 2683 1188 2877 1264; x_wconf 86' lang='lat' dir='ltr'>unde</span> <span class='ocrx_word' id='word_1_317' title='bbox 2928 1211 3083 1265; x_wconf 90' lang='lat' dir='ltr'>non</span> <span class='ocrx_word' id='word_1_318' title='bbox 3132 1186 3372 1288; x_wconf 87' lang='lat' dir='ltr'>potest</span> <span class='ocrx_word' id='word_1_319' title='bbox 3436 1188 3675 1267; x_wconf 81' lang='lat' dir='ltr'>homo</span> <span class='ocrx_word' id='word_1_320' title='bbox 3718 1186 3990 1266; x_wconf 84' lang='lat' dir='ltr'>sentire</span> 
     </span>
    </p>
   </div>
   <div class='ocr_carea' id='block_1_9' title="bbox 2419 1284 3997 2700">
    <p class='ocr_par' dir='ltr' id='par_1_12' title="bbox 2419 1284 3997 2700">
     <span class='ocr_line' id='line_1_54' title="bbox 2419 1284 3984 1385; baseline 0.005 -24"><span class='ocrx_word' id='word_1_321' title='bbox 2419 1284 2690 1384; x_wconf 84' lang='lat' dir='ltr'>absque</span> <span class='ocrx_word' id='word_1_322' title='bbox 2742 1287 3089 1367; x_wconf 83' lang='lat' dir='ltr'>exteriori</span> <span class='ocrx_word' id='word_1_323' title='bbox 3144 1287 3459 1369; x_wconf 85' lang='lat' dir='ltr'>sensibili</span> <span class='ocrx_word' id='word_1_324' title='bbox 3515 1343 3542 1385; x_wconf 87' lang='lat'>‚</span> <span class='ocrx_word' id='word_1_325' title='bbox 3596 1287 3774 1368; x_wconf 80' lang='lat' dir='ltr'>licut</span> <span class='ocrx_word' id='word_1_326' title='bbox 3830 1315 3984 1369; x_wconf 89' lang='lat' dir='ltr'>non</span> 
     </span>
     <span class='ocr_line' id='line_1_55' title="bbox 2420 1387 3986 1491; baseline 0.002 -24"><span class='ocrx_word' id='word_1_327' title='bbox 2420 1389 2680 1487; x_wconf 61' lang='lat' dir='ltr'>potest*</span> <span class='ocrx_word' id='word_1_328' title='bbox 2704 1387 2993 1489; x_wconf 86' lang='lat' dir='ltr'>aliquid</span> <span class='ocrx_word' id='word_1_329' title='bbox 3044 1391 3331 1469; x_wconf 85' lang='lat' dir='ltr'>moveri</span> <span class='ocrx_word' id='word_1_330' title='bbox 3359 1392 3627 1491; x_wconf 86' lang='lat' dir='ltr'>absque</span> <span class='ocrx_word' id='word_1_331' title='bbox 3678 1416 3986 1470; x_wconf 68' lang='lat' dir='ltr'>moven-</span> 
     </span>
     <span class='ocr_line' id='line_1_56' title="bbox 2427 1493 3992 1593; baseline -0.001 -22"><span class='ocrx_word' id='word_1_332' title='bbox 2427 1510 2541 1571; x_wconf 89' lang='lat' dir='ltr'>te.</span> <span class='ocrx_word' id='word_1_333' title='bbox 2595 1493 2988 1592; x_wconf 87' lang='lat' dir='ltr'>Organum</span> <span class='ocrx_word' id='word_1_334' title='bbox 3040 1493 3271 1593; x_wconf 88' lang='lat' dir='ltr'>igitur</span> <span class='ocrx_word' id='word_1_335' title='bbox 3323 1493 3562 1573; x_wconf 84' lang='lat' dir='ltr'>sensus</span> <span class='ocrx_word' id='word_1_336' title='bbox 3612 1511 3992 1591; x_wconf 88' lang='lat' dir='ltr'>movetur,</span> 
     </span>
     <span class='ocr_line' id='line_1_57' title="bbox 2429 1592 3997 1693; baseline -0.001 -19"><span class='ocrx_word' id='word_1_337' title='bbox 2429 1595 2505 1674; x_wconf 87' lang='grc'>8(</span> <span class='ocrx_word' id='word_1_338' title='bbox 2553 1594 2829 1693; x_wconf 88' lang='lat' dir='ltr'>patitur</span> <span class='ocrx_word' id='word_1_339' title='bbox 2883 1593 2965 1671; x_wconf 88' lang='lat' dir='ltr'>in</span> <span class='ocrx_word' id='word_1_340' title='bbox 3015 1592 3395 1675; x_wconf 85' lang='lat' dir='ltr'>sentiendo</span> <span class='ocrx_word' id='word_1_341' title='bbox 3433 1650 3460 1692; x_wconf 84' lang='lat'>‚</span> <span class='ocrx_word' id='word_1_342' title='bbox 3529 1594 3650 1678; x_wconf 89' lang='lat' dir='ltr'>sed</span> <span class='ocrx_word' id='word_1_343' title='bbox 3717 1594 3812 1672; x_wconf 89' lang='lat' dir='ltr'>ab</span> <span class='ocrx_word' id='word_1_344' title='bbox 3867 1619 3997 1673; x_wconf 83' lang='lat' dir='ltr'>ex-</span> 
     </span>
     <span class='ocr_line' id='line_1_58' title="bbox 2425 1693 3990 1796; baseline 0.003 -21"><span class='ocrx_word' id='word_1_345' title='bbox 2425 1694 2682 1775; x_wconf 78' lang='lat' dir='ltr'>teriori</span> <span class='ocrx_word' id='word_1_346' title='bbox 2757 1693 3078 1775; x_wconf 74' lang='lat' dir='ltr'>sensibili</span> <span class='ocrx_word' id='word_1_347' title='bbox 3114 1754 3134 1773; x_wconf 95' lang='lat'>.</span> <span class='ocrx_word' id='word_1_348' title='bbox 3208 1697 3405 1776; x_wconf 86' lang='lat' dir='ltr'>Illud</span> <span class='ocrx_word' id='word_1_349' title='bbox 3469 1713 3722 1775; x_wconf 86' lang='lat' dir='ltr'>autem</span> <span class='ocrx_word' id='word_1_350' title='bbox 3787 1697 3990 1796; x_wconf 86' lang='lat' dir='ltr'>quod</span> 
     </span>
     <span class='ocr_line' id='line_1_59' title="bbox 2429 1796 3986 1900; baseline 0 -24"><span class='ocrx_word' id='word_1_351' title='bbox 2429 1797 2737 1900; x_wconf 87' lang='lat' dir='ltr'>patitur,</span> <span class='ocrx_word' id='word_1_352' title='bbox 2781 1797 2892 1884; x_wconf 16' lang='lat' dir='ltr'>&gt;est</span> <span class='ocrx_word' id='word_1_353' title='bbox 2945 1797 3220 1878; x_wconf 68' lang='lat' dir='ltr'>serffm:</span> <span class='ocrx_word' id='word_1_354' title='bbox 3272 1800 3472 1900; x_wconf 86' lang='lat' dir='ltr'>quod</span> <span class='ocrx_word' id='word_1_355' title='bbox 3524 1823 3615 1875; x_wconf 87' lang='lat' dir='ltr'>ex</span> <span class='ocrx_word' id='word_1_356' title='bbox 3669 1796 3810 1876; x_wconf 88' lang='lat' dir='ltr'>hoc</span> <span class='ocrx_word' id='word_1_357' title='bbox 3865 1823 3986 1899; x_wconf 78' lang='lat' dir='ltr'>pa-</span> 
     </span>
     <span class='ocr_line' id='line_1_60' title="bbox 2428 1899 3990 2001; baseline -0.001 -21"><span class='ocrx_word' id='word_1_358' title='bbox 2428 1917 2582 1997; x_wconf 81' lang='lat' dir='ltr'>tet,</span> <span class='ocrx_word' id='word_1_359' title='bbox 2629 1899 2806 2001; x_wconf 87' lang='lat' dir='ltr'>quia</span> <span class='ocrx_word' id='word_1_360' title='bbox 2855 1901 3178 1979; x_wconf 86' lang='lat' dir='ltr'>carentia</span> <span class='ocrx_word' id='word_1_361' title='bbox 3231 1900 3442 1982; x_wconf 84' lang='lat' dir='ltr'>sensu</span> <span class='ocrx_word' id='word_1_362' title='bbox 3493 1925 3647 1979; x_wconf 89' lang='lat' dir='ltr'>non</span> <span class='ocrx_word' id='word_1_363' title='bbox 3702 1902 3990 1999; x_wconf 87' lang='lat' dir='ltr'>patiun-</span> 
     </span>
     <span class='ocr_line' id='line_1_61' title="bbox 2428 1999 3992 2100; baseline 0.001 -19"><span class='ocrx_word' id='word_1_364' title='bbox 2428 2021 2549 2081; x_wconf 86' lang='lat' dir='ltr'>tur</span> <span class='ocrx_word' id='word_1_365' title='bbox 2596 2027 2641 2079; x_wconf 87' lang='lat' dir='ltr'>a</span> <span class='ocrx_word' id='word_1_366' title='bbox 2692 1999 3145 2081; x_wconf 73' lang='lat' dir='ltr'>sensibilibus</span> <span class='ocrx_word' id='word_1_367' title='bbox 3196 2003 3333 2082; x_wconf 85' lang='lat' dir='ltr'>tali</span> <span class='ocrx_word' id='word_1_368' title='bbox 3350 2004 3574 2082; x_wconf 90' lang='lat' dir='ltr'>modo</span> <span class='ocrx_word' id='word_1_369' title='bbox 3625 2000 3992 2100; x_wconf 80' lang='lat' dir='ltr'>pastionis.</span> 
     </span>
     <span class='ocr_line' id='line_1_62' title="bbox 2427 2101 3994 2203; baseline 0.001 -19"><span class='ocrx_word' id='word_1_370' title='bbox 2427 2101 2690 2184; x_wconf 82' lang='lat' dir='ltr'>Sensus</span> <span class='ocrx_word' id='word_1_371' title='bbox 2741 2104 2969 2202; x_wconf 79' lang='lat' dir='ltr'>igitur</span> <span class='ocrx_word' id='word_1_372' title='bbox 3018 2103 3119 2181; x_wconf 91' lang='lat' dir='ltr'>est</span> <span class='ocrx_word' id='word_1_373' title='bbox 3169 2105 3405 2183; x_wconf 84' lang='lat' dir='ltr'>virtus</span> <span class='ocrx_word' id='word_1_374' title='bbox 3456 2103 3719 2203; x_wconf 79' lang='lat' dir='ltr'>paffiva</span> <span class='ocrx_word' id='word_1_375' title='bbox 3772 2102 3994 2201; x_wconf 85' lang='lat' dir='ltr'>ipfius</span> 
     </span>
     <span class='ocr_line' id='line_1_63' title="bbox 2426 2202 3992 2304; baseline -0.001 -21"><span class='ocrx_word' id='word_1_376' title='bbox 2426 2203 2730 2302; x_wconf 86' lang='lat' dir='ltr'>organi.</span> <span class='ocrx_word' id='word_1_377' title='bbox 2783 2202 3065 2282; x_wconf 79' lang='lat' dir='ltr'>Anima</span> <span class='ocrx_word' id='word_1_378' title='bbox 3120 2204 3346 2304; x_wconf 87' lang='lat' dir='ltr'>igitur</span> <span class='ocrx_word' id='word_1_379' title='bbox 3427 2203 3764 2281; x_wconf 78' lang='lat' dir='ltr'>sensitiva</span> <span class='ocrx_word' id='word_1_380' title='bbox 3836 2229 3992 2282; x_wconf 90' lang='lat' dir='ltr'>non</span> 
     </span>
     <span class='ocr_line' id='line_1_64' title="bbox 2428 2303 3989 2402; baseline 0.001 -20"><span class='ocrx_word' id='word_1_381' title='bbox 2428 2305 2651 2382; x_wconf 83' lang='lat' dir='ltr'>habet</span> <span class='ocrx_word' id='word_1_382' title='bbox 2702 2303 2779 2380; x_wconf 87' lang='lat' dir='ltr'>se</span> <span class='ocrx_word' id='word_1_383' title='bbox 2829 2305 2910 2381; x_wconf 89' lang='lat' dir='ltr'>in</span> <span class='ocrx_word' id='word_1_384' title='bbox 2961 2304 3336 2388; x_wconf 87' lang='lat' dir='ltr'>sentiendo</span> <span class='ocrx_word' id='word_1_385' title='bbox 3384 2303 3564 2383; x_wconf 83' lang='lat' dir='ltr'>ficut</span> <span class='ocrx_word' id='word_1_386' title='bbox 3617 2327 3928 2383; x_wconf 84' lang='lat' dir='ltr'>movens</span> <span class='ocrx_word' id='word_1_387' title='bbox 3953 2358 3989 2402; x_wconf 81' lang='lat'>‚</span> 
     </span>
     <span class='ocr_line' id='line_1_65' title="bbox 2429 2402 3994 2504; baseline 0 -22"><span class='ocrx_word' id='word_1_388' title='bbox 2429 2405 2505 2482; x_wconf 90' lang='grc'>8(</span> <span class='ocrx_word' id='word_1_389' title='bbox 2553 2427 2826 2501; x_wconf 76' lang='lat' dir='ltr'>agem,</span> <span class='ocrx_word' id='word_1_390' title='bbox 2883 2402 3005 2481; x_wconf 90' lang='lat' dir='ltr'>sed</span> <span class='ocrx_word' id='word_1_391' title='bbox 3056 2403 3230 2481; x_wconf 85' lang='lat' dir='ltr'>ficut</span> <span class='ocrx_word' id='word_1_392' title='bbox 3306 2430 3459 2502; x_wconf 81' lang='lat' dir='ltr'>quo</span> <span class='ocrx_word' id='word_1_393' title='bbox 3528 2405 3810 2502; x_wconf 74' lang='lat' dir='ltr'>patiens</span> <span class='ocrx_word' id='word_1_394' title='bbox 3866 2430 3994 2504; x_wconf 80' lang='lat' dir='ltr'>pa-</span> 
     </span>
     <span class='ocr_line' id='line_1_66' title="bbox 2431 2503 3991 2605; baseline -0.001 -21"><span class='ocrx_word' id='word_1_395' title='bbox 2431 2506 2656 2584; x_wconf 84' lang='lat' dir='ltr'>titur:</span> <span class='ocrx_word' id='word_1_396' title='bbox 2710 2504 2909 2605; x_wconf 86' lang='lat' dir='ltr'>quod</span> <span class='ocrx_word' id='word_1_397' title='bbox 2972 2504 3427 2603; x_wconf 79' lang='lat' dir='ltr'>&#39;impoffibile</span> <span class='ocrx_word' id='word_1_398' title='bbox 3501 2503 3600 2582; x_wconf 87' lang='lat' dir='ltr'>est</span> <span class='ocrx_word' id='word_1_399' title='bbox 3671 2507 3810 2582; x_wconf 83' lang='lat' dir='ltr'>effe</span> <span class='ocrx_word' id='word_1_400' title='bbox 3883 2504 3991 2582; x_wconf 90' lang='lat' dir='ltr'>di-</span> 
     </span>
     <span class='ocr_line' id='line_1_67' title="bbox 2432 2604 3992 2700; baseline -0.001 -17"><span class='ocrx_word' id='word_1_401' title='bbox 2432 2605 2765 2697; x_wconf 82' lang='lat' dir='ltr'>versum,</span> <span class='ocrx_word' id='word_1_402' title='bbox 2818 2604 3210 2690; x_wconf 80' lang='lat' dir='ltr'>secundum</span> <span class='ocrx_word' id='word_1_403' title='bbox 3262 2606 3399 2683; x_wconf 81' lang='lat' dir='ltr'>effe</span> <span class='ocrx_word' id='word_1_404' title='bbox 3439 2659 3466 2700; x_wconf 86' lang='lat'>‚</span> <span class='ocrx_word' id='word_1_405' title='bbox 3517 2631 3561 2682; x_wconf 86' lang='lat' dir='ltr'>a</span> <span class='ocrx_word' id='word_1_406' title='bbox 3676 2606 3992 2685; x_wconf 88' lang='lat' dir='ltr'>atiente.</span> 
     </span>
    </p>
   </div>
   <div class='ocr_carea' id='block_1_10' title="bbox 2411 2704 3995 2804">
    <p class='ocr_par' dir='ltr' id='par_1_13' title="bbox 2411 2704 3995 2804">
     <span class='ocr_line' id='line_1_68' title="bbox 2411 2704 3995 2804; baseline -0.004 -16"><span class='ocrx_word' id='word_1_407' title='bbox 2411 2710 2624 2788; x_wconf 88' lang='lat' dir='ltr'>·Non</span> <span class='ocrx_word' id='word_1_408' title='bbox 2674 2704 2776 2783; x_wconf 89' lang='lat' dir='ltr'>est</span> <span class='ocrx_word' id='word_1_409' title='bbox 2859 2706 3084 2804; x_wconf 84' lang='lat' dir='ltr'>igitur</span> <span class='ocrx_word' id='word_1_410' title='bbox 3152 2707 3401 2784; x_wconf 84' lang='lat' dir='ltr'>anima</span> <span class='ocrx_word' id='word_1_411' title='bbox 3477 2704 3824 2785; x_wconf 75' lang='lat' dir='ltr'>sedibilis</span> <span class='ocrx_word' id='word_1_412' title='bbox 3894 2705 3995 2800; x_wconf 48' lang='lat' dir='ltr'>se&lt;</span> 
     </span>
    </p>
   </div>
   <div class='ocr_carea' id='block_1_11' title="bbox 2429 2805 4020 5130">
    <p class='ocr_par' dir='ltr' id='par_1_14' title="bbox 2435 2805 3992 2990">
     <span class='ocr_line' id='line_1_69' title="bbox 2436 2805 3992 2911; baseline -0.001 -22"><span class='ocrx_word' id='word_1_413' title='bbox 2436 2808 2764 2891; x_wconf 88' lang='lat' dir='ltr'>cundum</span> <span class='ocrx_word' id='word_1_414' title='bbox 2809 2808 2951 2884; x_wconf 82' lang='lat' dir='ltr'>esse</span> <span class='ocrx_word' id='word_1_415' title='bbox 3000 2805 3284 2887; x_wconf 89' lang='lat' dir='ltr'>diversa</span> <span class='ocrx_word' id='word_1_416' title='bbox 3350 2833 3396 2886; x_wconf 86' lang='lat' dir='ltr'>a</span> <span class='ocrx_word' id='word_1_417' title='bbox 3465 2832 3766 2911; x_wconf 80' lang='lat' dir='ltr'>corpore</span> <span class='ocrx_word' id='word_1_418' title='bbox 3837 2807 3992 2887; x_wconf 86' lang='lat' dir='ltr'>ani-</span> 
     </span>
     <span class='ocr_line' id='line_1_70' title="bbox 2435 2928 2679 2990; baseline -0.016 -1"><span class='ocrx_word' id='word_1_419' title='bbox 2435 2928 2679 2990; x_wconf 84' lang='lat' dir='ltr'>mato.</span> 
     </span>
    </p>

    <p class='ocr_par' dir='ltr' id='par_1_15' title="bbox 2429 3010 4019 4934">
     <span class='ocr_line' id='line_1_71' title="bbox 2540 3010 3990 3091; baseline 0.001 -3"><span class='ocrx_word' id='word_1_420' title='bbox 2540 3038 2609 3088; x_wconf 84' lang='lat'>2.</span> <span class='ocrx_word' id='word_1_421' title='bbox 2660 3014 3053 3091; x_wconf 82' lang='lat' dir='ltr'>Praeterea.</span> <span class='ocrx_word' id='word_1_422' title='bbox 3107 3010 3322 3090; x_wconf 86' lang='lat' dir='ltr'>Licet</span> <span class='ocrx_word' id='word_1_423' title='bbox 3373 3025 3618 3091; x_wconf 86' lang='lat' dir='ltr'>motus</span> <span class='ocrx_word' id='word_1_424' title='bbox 3670 3010 3755 3090; x_wconf 80' lang='lat' dir='ltr'>fit</span> <span class='ocrx_word' id='word_1_425' title='bbox 3788 3034 3990 3091; x_wconf 85' lang='lat' dir='ltr'>com-</span> 
     </span>
     <span class='ocr_line' id='line_1_72' title="bbox 2431 3110 3989 3210; baseline 0.001 -22"><span class='ocrx_word' id='word_1_426' title='bbox 2431 3111 2675 3189; x_wconf 85' lang='lat' dir='ltr'>munis</span> <span class='ocrx_word' id='word_1_427' title='bbox 2730 3110 2930 3190; x_wconf 63' lang='lat' dir='ltr'>acius</span> <span class='ocrx_word' id='word_1_428' title='bbox 2981 3115 3395 3206; x_wconf 70' lang='lat' dir='ltr'>moventiS,</span> <span class='ocrx_word' id='word_1_429' title='bbox 3447 3115 3521 3191; x_wconf 87' lang='grc'>8(</span> <span class='ocrx_word' id='word_1_430' title='bbox 3573 3113 3757 3191; x_wconf 88' lang='lat' dir='ltr'>moti</span> <span class='ocrx_word' id='word_1_431' title='bbox 3799 3167 3824 3207; x_wconf 83' lang='lat'>‚</span> <span class='ocrx_word' id='word_1_432' title='bbox 3882 3128 3989 3210; x_wconf 63' lang='lat' dir='ltr'>tar</span> 
     </span>
     <span class='ocr_line' id='line_1_73' title="bbox 2429 3212 3995 3314; baseline 0 -24"><span class='ocrx_word' id='word_1_433' title='bbox 2429 3237 2605 3290; x_wconf 87' lang='lat' dir='ltr'>men</span> <span class='ocrx_word' id='word_1_434' title='bbox 2657 3212 2804 3289; x_wconf 84' lang='lat' dir='ltr'>alia</span> <span class='ocrx_word' id='word_1_435' title='bbox 2857 3214 3188 3311; x_wconf 85' lang='lat' dir='ltr'>operatio</span> <span class='ocrx_word' id='word_1_436' title='bbox 3239 3213 3340 3292; x_wconf 90' lang='lat' dir='ltr'>est</span> <span class='ocrx_word' id='word_1_437' title='bbox 3394 3212 3628 3292; x_wconf 83' lang='lat' dir='ltr'>facere</span> <span class='ocrx_word' id='word_1_438' title='bbox 3668 3229 3995 3314; x_wconf 85' lang='lat' dir='ltr'>motum,</span> 
     </span>
     <span class='ocr_line' id='line_1_74' title="bbox 2432 3316 3988 3415; baseline 0.001 -23"><span class='ocrx_word' id='word_1_439' title='bbox 2432 3316 2508 3392; x_wconf 90' lang='grc'>8(</span> <span class='ocrx_word' id='word_1_440' title='bbox 2558 3316 2879 3412; x_wconf 86' lang='lat' dir='ltr'>recipere</span> <span class='ocrx_word' id='word_1_441' title='bbox 2930 3330 3272 3393; x_wconf 85' lang='lat' dir='ltr'>motum:</span> <span class='ocrx_word' id='word_1_442' title='bbox 3305 3319 3494 3393; x_wconf 87' lang='lat' dir='ltr'>unde</span> <span class='ocrx_word' id='word_1_443' title='bbox 3525 3317 3598 3395; x_wconf 89' lang='grc'>8(</span> <span class='ocrx_word' id='word_1_444' title='bbox 3649 3319 3797 3396; x_wconf 90' lang='lat' dir='ltr'>duo</span> <span class='ocrx_word' id='word_1_445' title='bbox 3814 3339 3988 3415; x_wconf 80' lang='lat' dir='ltr'>prae·</span> 
     </span>
     <span class='ocr_line' id='line_1_75' title="bbox 2431 3412 3992 3516; baseline -0.001 -23"><span class='ocrx_word' id='word_1_446' title='bbox 2431 3416 2847 3495; x_wconf 84' lang='lat' dir='ltr'>dicamenta</span> <span class='ocrx_word' id='word_1_447' title='bbox 2898 3436 3275 3516; x_wconf 84' lang='lat' dir='ltr'>ponuntur</span> <span class='ocrx_word' id='word_1_448' title='bbox 3311 3412 3561 3510; x_wconf 78' lang='lat' dir='ltr'>facere</span> <span class='ocrx_word' id='word_1_449' title='bbox 3593 3473 3619 3511; x_wconf 86' lang='lat'>‚</span> <span class='ocrx_word' id='word_1_450' title='bbox 3671 3419 3745 3496; x_wconf 90' lang='grc'>8(</span> <span class='ocrx_word' id='word_1_451' title='bbox 3774 3414 3992 3516; x_wconf 78' lang='lat' dir='ltr'>pati.</span> 
     </span>
     <span class='ocr_line' id='line_1_76' title="bbox 2436 3516 3992 3615; baseline -0.003 -19"><span class='ocrx_word' id='word_1_452' title='bbox 2436 3518 2515 3596; x_wconf 87' lang='lat' dir='ltr'>Si</span> <span class='ocrx_word' id='word_1_453' title='bbox 2568 3517 2794 3615; x_wconf 84' lang='lat' dir='ltr'>igitur</span> <span class='ocrx_word' id='word_1_454' title='bbox 2848 3516 2929 3595; x_wconf 86' lang='lat' dir='ltr'>in</span> <span class='ocrx_word' id='word_1_455' title='bbox 2983 3516 3368 3596; x_wconf 84' lang='lat' dir='ltr'>sentiendo</span> <span class='ocrx_word' id='word_1_456' title='bbox 3411 3519 3661 3595; x_wconf 86' lang='lat' dir='ltr'>anima</span> <span class='ocrx_word' id='word_1_457' title='bbox 3717 3516 3992 3595; x_wconf 83' lang='lat' dir='ltr'>senfiti·</span> 
     </span>
     <span class='ocr_line' id='line_1_77' title="bbox 2434 3618 3992 3716; baseline -0.002 -20"><span class='ocrx_word' id='word_1_458' title='bbox 2434 3643 2528 3696; x_wconf 79' lang='lat' dir='ltr'>va</span> <span class='ocrx_word' id='word_1_459' title='bbox 2579 3619 2649 3694; x_wconf 92' lang='lat' dir='ltr'>se</span> <span class='ocrx_word' id='word_1_460' title='bbox 2702 3618 2923 3698; x_wconf 86' lang='lat' dir='ltr'>habet</span> <span class='ocrx_word' id='word_1_461' title='bbox 2973 3634 3058 3696; x_wconf 84' lang='lat' dir='ltr'>ut</span> <span class='ocrx_word' id='word_1_462' title='bbox 3106 3643 3386 3716; x_wconf 83' lang='lat' dir='ltr'>agens,</span> <span class='ocrx_word' id='word_1_463' title='bbox 3455 3620 3528 3694; x_wconf 84' lang='grc'>8(</span> <span class='ocrx_word' id='word_1_464' title='bbox 3594 3641 3858 3716; x_wconf 87' lang='lat' dir='ltr'>corpus</span> <span class='ocrx_word' id='word_1_465' title='bbox 3905 3625 3992 3693; x_wconf 84' lang='lat' dir='ltr'>ut</span> 
     </span>
     <span class='ocr_line' id='line_1_78' title="bbox 2430 3718 3990 3820; baseline -0.004 -22"><span class='ocrx_word' id='word_1_466' title='bbox 2430 3719 2717 3820; x_wconf 85' lang='lat' dir='ltr'>patiens</span> <span class='ocrx_word' id='word_1_467' title='bbox 2759 3745 2783 3809; x_wconf 66' lang='grc' dir='ltr'><strong>ς</strong></span> <span class='ocrx_word' id='word_1_468' title='bbox 2833 3719 2978 3796; x_wconf 86' lang='lat' dir='ltr'>alia</span> <span class='ocrx_word' id='word_1_469' title='bbox 3056 3719 3197 3794; x_wconf 86' lang='lat' dir='ltr'>erit</span> <span class='ocrx_word' id='word_1_470' title='bbox 3268 3718 3602 3813; x_wconf 86' lang='lat' dir='ltr'>operatio</span> <span class='ocrx_word' id='word_1_471' title='bbox 3672 3718 3990 3811; x_wconf 68' lang='lat' dir='ltr'>animae,</span> 
     </span>
     <span class='ocr_line' id='line_1_79' title="bbox 2435 3814 3991 3916; baseline -0.003 -18"><span class='ocrx_word' id='word_1_472' title='bbox 2435 3821 2512 3898; x_wconf 89' lang='grc'>8(</span> <span class='ocrx_word' id='word_1_473' title='bbox 2562 3821 2706 3899; x_wconf 84' lang='lat' dir='ltr'>alia</span> <span class='ocrx_word' id='word_1_474' title='bbox 2755 3819 3115 3916; x_wconf 75' lang='lat' dir='ltr'>corporiS.</span> <span class='ocrx_word' id='word_1_475' title='bbox 3174 3816 3453 3893; x_wconf 85' lang='lat' dir='ltr'>Anima</span> <span class='ocrx_word' id='word_1_476' title='bbox 3503 3816 3730 3915; x_wconf 86' lang='lat' dir='ltr'>igitur</span> <span class='ocrx_word' id='word_1_477' title='bbox 3782 3814 3991 3893; x_wconf 83' lang='lat' dir='ltr'>sensi·</span> 
     </span>
     <span class='ocr_line' id='line_1_80' title="bbox 2436 3916 3988 4017; baseline -0.004 -16"><span class='ocrx_word' id='word_1_478' title='bbox 2436 3921 2596 4001; x_wconf 81' lang='lat' dir='ltr'>tiva</span> <span class='ocrx_word' id='word_1_479' title='bbox 2669 3919 2970 3998; x_wconf 88' lang='lat' dir='ltr'>habebit</span> <span class='ocrx_word' id='word_1_480' title='bbox 3053 3916 3389 4015; x_wconf 77' lang='lat' dir='ltr'>&#39;aliquam</span> <span class='ocrx_word' id='word_1_481' title='bbox 3476 3918 3988 4017; x_wconf 88' lang='lat' dir='ltr'>operationem</span> 
     </span>
     <span class='ocr_line' id='line_1_81' title="bbox 2433 4017 3989 4123; baseline -0.002 -23"><span class='ocrx_word' id='word_1_482' title='bbox 2433 4018 3172 4123; x_wconf 75' lang='lat' dir='ltr'>propriamzhabebit</span> <span class='ocrx_word' id='word_1_483' title='bbox 3227 4017 3454 4116; x_wconf 86' lang='lat' dir='ltr'>igitur</span> <span class='ocrx_word' id='word_1_484' title='bbox 3506 4020 3580 4097; x_wconf 91' lang='grc'>8(</span> <span class='ocrx_word' id='word_1_485' title='bbox 3622 4017 3989 4097; x_wconf 76' lang='lat' dir='ltr'>subsisten-</span> 
     </span>
     <span class='ocr_line' id='line_1_82' title="bbox 2431 4117 3991 4221; baseline -0.003 -19"><span class='ocrx_word' id='word_1_486' title='bbox 2431 4125 2623 4202; x_wconf 88' lang='lat' dir='ltr'>tiam</span> <span class='ocrx_word' id='word_1_487' title='bbox 2672 4122 3046 4221; x_wconf 86' lang='lat' dir='ltr'>propriam</span> <span class='ocrx_word' id='word_1_488' title='bbox 3090 4176 3110 4195; x_wconf 94' lang='lat'>.</span> <span class='ocrx_word' id='word_1_489' title='bbox 3166 4123 3351 4197; x_wconf 89' lang='lat' dir='ltr'>Non</span> <span class='ocrx_word' id='word_1_490' title='bbox 3427 4121 3652 4220; x_wconf 87' lang='lat' dir='ltr'>igitur</span> <span class='ocrx_word' id='word_1_491' title='bbox 3724 4117 3991 4205; x_wconf 59' lang='lat' dir='ltr'>destru÷</span> 
     </span>
     <span class='ocr_line' id='line_1_83' title="bbox 2436 4219 4019 4325; baseline -0.004 -22"><span class='ocrx_word' id='word_1_492' title='bbox 2436 4223 2566 4303; x_wconf 67' lang='lat' dir='ltr'>&amp;o</span> <span class='ocrx_word' id='word_1_493' title='bbox 2606 4222 3105 4325; x_wconf 29' lang='lat' dir='ltr'>corpore-,else</span> <span class='ocrx_word' id='word_1_494' title='bbox 3153 4219 3477 4301; x_wconf 72' lang='lat' dir='ltr'>desinet:</span> <span class='ocrx_word' id='word_1_495' title='bbox 3530 4221 3796 4300; x_wconf 82' lang='lat' dir='ltr'>animae</span> <span class='ocrx_word' id='word_1_496' title='bbox 3854 4219 4019 4319; x_wconf 58' lang='lat' dir='ltr'>igi-s</span> 
     </span>
     <span class='ocr_line' id='line_1_84' title="bbox 2437 4322 3995 4407; baseline 0.001 -3"><span class='ocrx_word' id='word_1_497' title='bbox 2437 4343 2558 4404; x_wconf 87' lang='lat' dir='ltr'>tur</span> <span class='ocrx_word' id='word_1_498' title='bbox 2609 4322 2956 4404; x_wconf 86' lang='lat' dir='ltr'>senfitivae</span> <span class='ocrx_word' id='word_1_499' title='bbox 3008 4324 3237 4403; x_wconf 78' lang='lat' dir='ltr'>etiam</span> <span class='ocrx_word' id='word_1_500' title='bbox 3281 4323 3818 4403; x_wconf 85' lang='lat' dir='ltr'>irrationalium</span> <span class='ocrx_word' id='word_1_501' title='bbox 3837 4322 3995 4407; x_wconf 70' lang='lat' dir='ltr'>ani-e</span> 
     </span>
     <span class='ocr_line' id='line_1_85' title="bbox 2438 4422 3998 4526; baseline -0.002 -22"><span class='ocrx_word' id='word_1_502' title='bbox 2438 4424 2756 4505; x_wconf 87' lang='lat' dir='ltr'>malium</span> <span class='ocrx_word' id='word_1_503' title='bbox 2806 4440 3020 4504; x_wconf 86' lang='lat' dir='ltr'>erunt</span> <span class='ocrx_word' id='word_1_504' title='bbox 3072 4422 3571 4504; x_wconf 88' lang='lat' dir='ltr'>immortales:</span> <span class='ocrx_word' id='word_1_505' title='bbox 3612 4426 3815 4526; x_wconf 90' lang='lat' dir='ltr'>quod</span> <span class='ocrx_word' id='word_1_506' title='bbox 3831 4422 3998 4523; x_wconf 88' lang='lat' dir='ltr'>qui-</span> 
     </span>
     <span class='ocr_line' id='line_1_86' title="bbox 2439 4527 3997 4628; baseline -0.003 -21"><span class='ocrx_word' id='word_1_507' title='bbox 2439 4530 2612 4607; x_wconf 87' lang='lat' dir='ltr'>dem</span> <span class='ocrx_word' id='word_1_508' title='bbox 2661 4527 3153 4628; x_wconf 89' lang='lat' dir='ltr'>improbabile</span> <span class='ocrx_word' id='word_1_509' title='bbox 3224 4527 3515 4606; x_wconf 87' lang='lat' dir='ltr'>videtur</span> <span class='ocrx_word' id='word_1_510' title='bbox 3555 4581 3581 4622; x_wconf 87' lang='lat'>,</span> <span class='ocrx_word' id='word_1_511' title='bbox 3651 4544 3903 4606; x_wconf 89' lang='lat' dir='ltr'>tamen</span> <span class='ocrx_word' id='word_1_512' title='bbox 3950 4548 3997 4602; x_wconf 83' lang='lat' dir='ltr'>a</span> 
     </span>
     <span class='ocr_line' id='line_1_87' title="bbox 2440 4625 3999 4710; baseline -0.002 0"><span class='ocrx_word' id='word_1_513' title='bbox 2440 4630 2766 4710; x_wconf 86' lang='lat' dir='ltr'>Platonis</span> <span class='ocrx_word' id='word_1_514' title='bbox 2914 4630 3170 4708; x_wconf 91' lang='lat' dir='ltr'>inione</span> <span class='ocrx_word' id='word_1_515' title='bbox 3219 4653 3370 4708; x_wconf 89' lang='lat' dir='ltr'>non</span> <span class='ocrx_word' id='word_1_516' title='bbox 3408 4627 3799 4708; x_wconf 88' lang='lat' dir='ltr'>discordat.</span> <span class='ocrx_word' id='word_1_517' title='bbox 3855 4625 3999 4707; x_wconf 87' lang='lat' dir='ltr'>Sed</span> 
     </span>
     <span class='ocr_line' id='line_1_88' title="bbox 2441 4727 4004 4833; baseline -0.003 -21"><span class='ocrx_word' id='word_1_518' title='bbox 2441 4732 2726 4812; x_wconf 78' lang='lat' dir='ltr'>dehoc</span> <span class='ocrx_word' id='word_1_519' title='bbox 2778 4731 2857 4810; x_wconf 92' lang='lat' dir='ltr'>in</span> <span class='ocrx_word' id='word_1_520' title='bbox 2889 4757 2968 4809; x_wconf 87' lang='lat' dir='ltr'>ra</span> <span class='ocrx_word' id='word_1_521' title='bbox 3018 4731 3045 4833; x_wconf 93' lang='lat'>(</span> <span class='ocrx_word' id='word_1_522' title='bbox 3097 4755 3253 4831; x_wconf 88' lang='lat' dir='ltr'>cap.</span> <span class='ocrx_word' id='word_1_523' title='bbox 3290 4732 3508 4812; x_wconf 81' lang='lat' dir='ltr'>lxxx1</span> <span class='ocrx_word' id='word_1_524' title='bbox 3529 4758 3586 4809; x_wconf 81' lang='grc' dir='ltr'>ι.</span> <span class='ocrx_word' id='word_1_525' title='bbox 3639 4730 3672 4828; x_wconf 85' lang='lat'>)</span> <span class='ocrx_word' id='word_1_526' title='bbox 3719 4729 3862 4812; x_wconf 87' lang='lat' dir='ltr'>erit</span> <span class='ocrx_word' id='word_1_527' title='bbox 3894 4727 4004 4808; x_wconf 90' lang='lat' dir='ltr'>lo-</span> 
     </span>
     <span class='ocr_line' id='line_1_89' title="bbox 2461 4833 3742 4934; baseline -0.014 -14"><span class='ocrx_word' id='word_1_528' title='bbox 2461 4859 2587 4919; x_wconf 80' lang='lat' dir='ltr'>cus</span> <span class='ocrx_word' id='word_1_529' title='bbox 2635 4833 3004 4934; x_wconf 62' lang='lat' dir='ltr'>quarendi</span> <span class='ocrx_word' id='word_1_530' title='bbox 3034 4891 3052 4910; x_wconf 99' lang='lat'>.</span> <span class='ocrx_word' id='word_1_531' title='bbox 3737 4858 3742 4862; x_wconf 94' lang='lat'>·</span> 
     </span>
    </p>

    <p class='ocr_par' dir='ltr' id='par_1_16' title="bbox 2572 4922 4009 5111">
     <span class='ocr_line' id='line_1_90' title="bbox 2572 4922 4009 5111; baseline -0.003 -97"><span class='ocrx_word' id='word_1_532' title='bbox 2572 4962 2643 5039; x_wconf 79' lang='lat'>3.</span> <span class='ocrx_word' id='word_1_533' title='bbox 2692 4935 3081 5038; x_wconf 81' lang='lat' dir='ltr'>Amplius.</span> <span class='ocrx_word' id='word_1_534' title='bbox 3134 4930 3434 5019; x_wconf 85' lang='lat' dir='ltr'>Mobile</span> <span class='ocrx_word' id='word_1_535' title='bbox 3482 4958 3642 5019; x_wconf 83' lang='lat' dir='ltr'>non</span> <span class='ocrx_word' id='word_1_536' title='bbox 3712 4922 4009 5111; x_wconf 62' lang='lat' dir='ltr'>sortistur</span> 
     </span>
    </p>

    <p class='ocr_par' dir='ltr' id='par_1_17' title="bbox 3892 5050 4020 5130">
     <span class='ocr_line' id='line_1_91' title="bbox 3892 5050 4020 5130; baseline 0 0"><span class='ocrx_word' id='word_1_537' title='bbox 3892 5050 4020 5130; x_wconf 67' lang='lat' dir='ltr'>P⁶⁴</span> 
     </span>
    </p>
   </div>
  </div>
 </body>
</html>
