4597 5696
778 276 877 377 [μ

792 503 871 583 la
920 507 1026 585 est
1076 507 1379 586 essentia
1432 508 1622 602 Dei,
1677 505 1799 584 sed
1820 505 2069 605 aliqua
2108 503 2344 583 essen-w

791 608 901 686 tia
954 611 1121 707 Deo
1171 609 1555 709 posterior,
1609 607 1687 688 Si
1739 622 1988 685 autem
2039 631 2189 687 non
2210 631 2337 705 po-

792 706 933 785 test
972 707 1307 809 ‘intelligi
1381 711 1563 789 illud
1630 708 1776 788 esse
1850 709 2008 786 sine
2062 708 2189 785 illa
2240 703 2350 782 es··

796 808 1031 909 sentia
1076 865 1103 907 ,
1176 829 1346 891 tunc
1399 812 1582 891 illud
1654 810 1799 889 esse
1853 809 2175 887 absolute
2229 809 2345 884 de-

791 912 1074 1009 pendet
1116 914 1211 989 ab
1262 939 1354 994 eo
1403 940 1446 991 a
1471 939 1619 1014 quo
1671 912 2026 1010 dependet
2049 907 2348 1005 conjun-

790 1012 951 1093 ctio
999 1011 1118 1089 sua
1168 1014 1261 1093 ad
1309 1016 1696 1094 essentiam
1771 1013 1980 1091 illam
2019 1040 2043 1108 3
2110 1011 2185 1088 8<
2234 1008 2340 1088 sic

794 1111 989 1191 redit
1034 1113 1234 1193 idem
1288 1117 1484 1216 quod
1535 1116 1766 1215 prius.
2305 1142 2308 1145 ·

812 1249 821 1258 ·
902 1224 987 1288 κζ
1028 1218 1220 1291 Item
1266 1274 1284 1292 .
1364 1216 1966 1314 Unumquodque
2041 1215 2165 1307 estn
2214 1232 2342 1312 per

793 1313 1006 1391 suum
1058 1316 1245 1393 esse.
1299 1319 1523 1415 Quod
1553 1317 1779 1415 igitur
1800 1342 1950 1393 non
1990 1316 2105 1392 ‚est
2130 1314 2339 1389 suum

791 1414 949 1491 esse
989 1466 1014 1505 ‚
1084 1440 1236 1492 non
1308 1417 1413 1494 est
1484 1441 1610 1517 per
1681 1419 1749 1495 se
1825 1417 2106 1495 necesse
2158 1413 2341 1490 esse„

786 1516 1001 1592 ‘Deus
1052 1533 1296 1593 autem
1350 1517 1455 1597 est
1505 1543 1632 1618 per
1685 1518 1753 1594 se
1806 1518 2089 1595 necesse
2144 1514 2287 1592 esse
2324 1568 2342 1587 .

783 1616 1007 1714 ‘Ergo
1063 1620 1260 1693 Deus
1312 1618 1419 1695 est
1473 1619 1680 1697 suum
1734 1618 1927 1697 esse.

812 1734 823 1742 '
905 1742 971 1813 3·
1026 1717 1372 1814 Amplius
1410 1775 1428 1794 .
1503 1720 1582 1798 Si
1656 1721 1795 1796 effe
1851 1719 1995 1798 Dei
2049 1742 2200 1795 non
2253 1710 2354 1790 est

754 1812 921 1892 ··sua
984 1818 1288 1894 effcntia
1331 1870 1356 1914 ,
1427 1846 1577 1897 non
1650 1839 1897 1899 autem
1968 1844 2130 1918 pars
2199 1816 2352 1910 ejus

794 1919 936 1994 effe
989 1916 1217 2016 potest
1249 1974 1274 2013 ,
1377 1946 1547 1997 cum
1604 1922 1900 1998 essentia
1953 1920 2207 1997 divina
2261 1914 2350 1993 fit

750 2028 756 2033 ’
792 2016 1140 2116 fimplex,
1193 2032 1289 2096 ut·
1306 2019 1670 2096 ostensum
1707 2021 2030 2120 est(cap.
2054 2044 2243 2095 xv11
2269 2017 2361 2112 1.)

764 2134 1083 2214 -oportet
1134 2119 1330 2214 quod
1381 2118 1790 2215 hujusmodi
1847 2121 1984 2195 esse
2079 2118 2120 2192 fi
2149 2134 2180 2193 t
2232 2116 2360 2191 ali-

794 2214 979 2315 quid
1028 2235 1282 2313 praeter
1350 2220 1724 2295 essentiam
1799 2218 1950 2313 ejus
2004 2275 2022 2293 .
2096 2219 2349 2295 Omne

800 2331 1055 2394 autem
1100 2319 1694 2415 quodconvenit
1716 2319 2151 2418 alicuiquod
2203 2339 2355 2392 non

1166 2418 1460 2497 essentia
1536 2418 1689 2517 ejus
1733 2473 1760 2516 ,
1864 2417 2215 2498 convenit
2284 2415 2356 2490 ei

1814 2546 1899 2597 ea
1951 2519 2163 2597 enirn-
2202 2541 2361 2616 quae

804 2640 959 2719 per·
992 2620 1061 2697 se
1082 2644 1234 2697 non
1288 2620 1449 2699 sunt
1469 2640 1698 2699 unum
1728 2676 1755 2717 ,
1800 2620 1860 2698 -s1
1914 2618 2362 2717 conjungun-

799 2736 957 2813 tur,
1010 2736 1298 2819 oportet
1349 2746 1477 2820 per
1527 2725 1855 2822 aliquam
1894 2721 2182 2801 causam
2207 2718 2365 2795 uni-

798 2414 903 2495 est
973 2419 1061 2494 de

802 2542 933 2618 per
981 2518 1306 2617 aliquam
1357 2520 1645 2598 causam
1706 2549 1722 2593 ε

797 2821 904 2896 ri.
960 2824 1125 2897 ⁴Esse
1181 2821 1411 2919 igitur
1460 2826 1813 2901 convenit
1887 2824 1999 2902 illi
2069 2818 2350 2920 quiddi-

801 2919 937 2996 tati
988 2945 1118 3018 per
1168 2922 1493 3018 aliquam
1546 2924 1838 3001 causam
1878 2981 1896 3000 .
2010 2929 2164 3001 Aut
2217 2920 2349 3018 igi-

799 3034 918 3095 tur
969 3043 1097 3117 per
1148 3021 1424 3119 aliquid
1475 3025 1668 3121 quod
1743 3023 1841 3101 est
1918 3025 2006 3100 de
2059 3020 2350 3098 ess‘entia

803 3118 1003 3197 illius
1075 3122 1181 3197 rei
1237 3174 1263 3214 ,
1367 3121 1551 3199 sive·
1595 3148 1722 3221 per
1794 3123 2177 3210 essentiam
2246 3122 2348 3218 ip-

770 3220 1018 3314 -sam,
1070 3238 1198 3297 aut
1252 3245 1380 3318 per
1431 3222 1706 3322 aliquid
1757 3226 1955 3301 aliud
1986 3281 2003 3298 .
2083 3223 2159 3301 Si
2212 3221 2351 3319 pri·-

796 3343 928 3421 1110
980 3322 1204 3398 modo
1237 3321 1607 3416 (essentia
1659 3342 1904 3401 autem
1956 3322 2053 3399 est
2110 3322 2348 3398 secun-

794 3423 971 3500 dum
1024 3421 1204 3498 illud
1254 3422 1400 3500 esse
1455 3424 1481 3519 )
1556 3424 1872 3523 sequitur
1940 3424 2138 3524 quod
2217 3422 2345 3499 ali·

755 3522 973 3623 quid
1024 3521 1107 3599 fit
1160 3521 1287 3597 fibi
1344 3523 1464 3623 ipfi
1520 3526 1728 3603 causa
1769 3526 2101 3603 essendi.
2161 3527 2330 3601 Hoc

640 3717 641 3720 Ἴ
792 3641 1040 3700 autem
1093 3621 1189 3698 est
1244 3623 1726 3722 impoffibile,
1777 3627 1948 3725 quia
2001 3625 2196 3722 prius
2234 3622 2342 3697 se·-

1375 280 1515 351 οε
1574 239 2172 350 vamum
2228 283 2944 354 εΑτΗοιιεΑε
3002 288 3313 354 rim-:1
3741 352 3744 355 ,

792 403 1081 486 necesse
1104 404 1278 502 esse,
1298 405 1403 485 est
1455 410 1655 486 Deus
1679 462 1699 480 .
1753 406 1940 483 Non
1994 402 2223 502 igitur
2247 398 2333 479 il·
2436 422 2591 485 tem
2628 431 2777 484 non
2809 401 3184 501 loquimur
3218 403 3307 480 de
3342 401 3490 482 esse
3528 381 3983 498 accidentali,

2443 509 2564 586 sed
2613 508 2702 584 de
2728 502 3207 583 substantiali.
3253 505 3338 585 Si
3390 523 3637 582 autem
3660 506 3773 582 illi
3827 506 3978 583 esse

2438 606 2833 688 conveniat
2870 629 2995 704 per
3012 605 3339 702 aliquam
3389 606 3626 683 aliam·
3663 607 3986 699 causam,
4023 632 4028 633 ⁷
4135 698 4162 713 -

2446 734 2666 788 omne
2718 724 2964 785 autem
3014 708 3210 803 quod
3288 705 3599 804 acquirit
3677 707 3823 784 esse
3886 708 3986 783 ab

2447 811 2590 888 alia
2639 808 2891 900 causa,
2944 805 3044 882 est
3091 806 3505 898 causatum,
3554 806 3828 884 &non
3880 805 3986 884 est

2449 911 2657 991 causa
2710 908 2990 1008 prima3
3049 912 3245 985 Deus
3296 926 3542 984 autem
3594 907 3691 982 est
3742 909 3982 1007 prima
4033 984 4038 991 ,

2440 1012 2648 1091 causa
2700 1034 2849 1086 non
2885 1008 3172 1087 ‘habens
3222 1009 3509 1085 causam
3561 1061 3588 1102 ,
3645 1026 3727 1084 ut
3778 1010 3984 1106 supra

2442 1115 2470 1211 (
2522 1120 2675 1212 cap.
2725 1109 3006 1203 x111.)
3057 1108 3623 1186 demonstratum
3674 1106 3772 1183 est
3801 1136 3816 1184 :
3847 1110 3983 1206 igi·
4067 1168 4086 1181 .

2441 1232 2559 1293 tur
2611 1212 2740 1290 ista
2788 1210 3148 1312 quidditas
3185 1265 3211 1304 ,
3262 1235 3418 1310 quae
3471 1208 3782 1308 acquirit
3831 1211 3984 1287 esse

2445 1316 2734 1393 aliunde
2786 1368 2812 1407 ,
2892 1309 3224 1388 nonest
3308 1311 3667 1408 quidditas
3758 1311 3894 1387 Dei
3956 1335 3977 1387 ε

2442 1415 2725 1496 necesse
2776 1410 2877 1490 est
2929 1412 3152 1510 igitur
3202 1412 3396 1511 quod
3420 1412 3563 1488 Dei
3614 1409 3761 1488 esse
3783 1411 3989 1511 quid·

2446 1519 2630 1596 ditas
2684 1515 2804 1592 sua
2856 1512 2940 1591 sit
2990 1572 3008 1591 .

2465 1656 2472 1661 ·
2555 1647 2624 1716 4
2685 1614 3024 1712 Amplius
3066 1672 3084 1691 .
3142 1614 3365 1707 Esse,
3433 1612 3677 1691 afflim
3737 1638 4007 1712 quema

2453 1723 2623 1799 dam
2675 1717 3045 1794 nominat:
3105 1740 3256 1792 non
3307 1713 3512 1792 enim
3538 1716 3803 1792 dicitur
3854 1716 4007 1809 esse

2454 1820 2730 1919 aliquid
2780 1842 2871 1895 ex
2922 1817 3059 1895 hoc
3112 1817 3309 1914 quod
3357 1814 3457 1892 est
3511 1817 3608 1919 in·
3644 1817 4002 1914 potentia,

2461 1923 2576 2000 sed
2630 1944 2718 1997 ex
2769 1920 2907 1995 hoc
2959 1920 3155 2017 quod
3207 1915 3306 1994 est
3360 1915 3441 1993 in
3492 1916 3695 1994 at'tu.
3753 1922 4008 1995 Omne

2460 2040 2704 2100 autem
2757 2018 2876 2095 cui
2928 2019 3189 2116 aliquis
3237 2035 3438 2094 actus
3459 2017 3850 2109 convenit,
3878 2018 4010 2109 ali-

2462 2120 2637 2219 quid
2690 2116 3054 2193 diversum
3104 2118 3197 2190 ab
3248 2141 3339 2191 eo
3384 2116 3728 2210 existens,
3781 2119 3850 2192 se
3884 2119 4011 2195 ha⁴
4057 2122 4064 2131 '

2455 2224 2580 2297 bet
2630 2219 2721 2295 ad
2771 2214 3006 2315 ipsum
3060 2233 3144 2292 ut
3193 2216 3520 2313 potentia
3570 2217 3678 2291 'ad
3729 2233 4005 2313 actum,

2457 2336 2653 2397 actus
2706 2319 2951 2410 enim,
3002 2315 3075 2392 8(
3127 2315 3457 2414 potentia
3526 2317 3617 2392 ad
3694 2318 3763 2393 se
3815 2316 4002 2395 invi,

2458 2444 2622 2499 cem
2674 2420 3009 2495 dicuntur
3047 2471 3064 2491 .
3119 2415 3196 2493 Si
3250 2439 3426 2515 ergo
3475 2415 3724 2494 divina
3776 2418 4004 2498 essen·

2460 2522 2565 2599 tia
2614 2518 2712 2596 est
2766 2517 2960 2594 aliud
3012 2540 3235 2615 quam
3287 2517 3494 2601 suum
3525 2516 3719 2602 esse,
3771 2518 4001 2617 sequi·

2462 2640 2581 2708 tur,
2629 2621 2826 2720 quod
2876 2617 3177 2696 essentia
3215 2672 3241 2711 ,
3311 2619 3385 2695 8<
3437 2618 3584 2696 esse
3637 2617 3704 2695 se
3758 2618 3828 2696 se
3882 2621 4004 2697 ha·

2464 2724 2730 2815 beant,
2780 2724 2958 2796 ficut
3006 2718 3332 2818 potentia
3366 2774 3394 2814 ,
3444 2720 3516 2795 8<
3568 2737 3768 2798 actus
3805 2777 3824 2797 .
3894 2724 4000 2801 O·

2452 2823 2763 2902 stensum
2817 2819 2916 2897 est
2969 2837 3218 2897 autem
3265 2821 3477 2921 'supra
3530 2820 3732 2922 (cap.
3764 2821 3999 2918 xv1.)

2450 2926 2529 3002 in
2584 2930 2748 3002 Deo
2800 2919 2986 2999 nihil
3041 2923 3186 3000 esse
3256 2925 3344 2999 de
3413 2923 3739 3021 potentia
3777 2978 3802 3017 ,
3878 2923 4001 3003 sed

2452 3025 2688 3125 ipsum
2742 3023 2886 3100 esse
2937 3046 3201 3120 purum
3261 3040 3507 3100 actum
3552 3081 3570 3099 .
3628 3027 3812 3102 Non
3862 3024 4001 3122 igi,

2451 3143 2568 3203 tur
2660 3124 2803 3202 Dei
2905 3123 3208 3200 essentia
3310 3123 3413 3201 est
3485 3123 3684 3201 aliud
3772 3150 3997 3225 quam

2457 3226 2661 3302 suum
2691 3224 2858 3302 esse
2911 3278 2930 3299 .

2467 3333 2526 3352 ³
2562 3352 2620 3422 5.
2679 3330 2866 3403 Item
2900 3380 2918 3400 .
2991 3326 3242 3402 Omne
3311 3327 3506 3426 quod
3557 3351 3708 3405 non
3759 3325 3996 3426 potest

2450 3427 2599 3504 esse
2651 3427 2778 3503 nifi
2835 3426 3426 3503 concurrentibus
3471 3427 3837 3522 pluribus,
3888 3427 3996 3502 est

2445 3527 2925 3624 compositum
2971 3581 2989 3600 .
3061 3529 3198 3601 Sed
3270 3524 3468 3600 nulla
3546 3549 3657 3601 res
3710 3524 3790 3600 in
3844 3549 3986 3623 qua

2433 3628 2538 3703 est
2590 3627 2784 3703 aliud
2835 3625 3137 3701 essentia
3167 3677 3193 3716 ,
3262 3624 3334 3698 8<
3409 3623 3607 3700 aliud
3657 3624 3805 3700 esse
3852 3649 3977 3723 po·

796 3723 1114 3799 cundum
1169 3721 1618 3800 intellectum
1688 3725 1784 3801 est
1850 3724 2136 3802 causam
2190 3723 2335 3798 esse
2435 3725 2568 3802 test
2619 3727 2765 3802 esse
2816 3723 2945 3800 nist
3001 3724 3591 3822 concurrentibus
3612 3722 3965 3823 pluribus,

797 3846 1020 3919 quam
1073 3819 1414 3898 effefflum
1447 3881 1464 3897 .
1523 3825 1598 3902 Si
1652 3849 1826 3924 ergo
1874 3823 2152 3924 aliquid
2205 3823 2334 3899 fibi
2439 3824 2709 3901 scilicet
2760 3824 3103 3914 essentia,
3156 3827 3226 3901 8<
3261 3823 3440 3901 esse.
3501 3827 3701 3922 Ergo
3729 3826 3971 3905 omnis

799 3920 930 4022 ipsi
986 3920 1162 3998 esset
1195 3922 1400 3999 causa
1437 3925 1751 4017 essendi,
1805 3924 2328 4021 intelligeretur
2429 3948 2539 4003 res
2595 3926 2672 4002 in
2725 3950 2865 4024 qua
2919 3941 3024 4000 est
3050 3925 3247 4004 aliud
3265 3924 3609 4018 essentia,
3659 3925 3733 4001 8<
3766 3926 3965 4006 aliud

792 4021 949 4100 ‘esse
1001 4038 1389 4121 antequam
1445 4025 1741 4101 haberet
1771 4026 1958 4118 esse,
2007 4024 2203 4122 quod
2231 4023 2328 4100 est
2385 4085 2388 4088 -
2430 4027 2572 4103 esse
2621 4025 2724 4103 est
2774 4025 3205 4122 composita.
3279 4031 3475 4103 Deus
3524 4043 3770 4103 autem
3821 4053 3971 4116 non

785 4121 1288 4222 impossibile.
1378 4125 1541 4205 Nili
1615 4125 2063 4224 intelligatur
2129 4126 2326 4223 quod
2426 4126 2528 4204 est
2550 4125 3123 4225 compositus-,ut
3173 4127 3534 4205 ostensum
3581 4129 3684 4206 est
3732 4127 3760 4223 (
3812 4153 3965 4226 cap.

799 4222 1073 4320 aliquid
1146 4222 1230 4301 sit
1302 4224 1432 4314 sibi
1484 4228 1691 4305 causa
1760 4226 2035 4305 essendi
2089 4225 2327 4302 secun·
2424 4255 2696 4306 xvt11.
2752 4228 2777 4324 )
2848 4227 3090 4325 Ipsum
3157 4228 3381 4326 igitur
3452 4228 3600 4306 esse
3662 4228 3808 4307 Dei
3859 4228 3965 4307 est

790 4326 975 4401 'dum
1028 4323 1173 4401 esse
1224 4327 1662 4405 accidentale
1690 4374 1717 4412 ,
1793 4328 1989 4427 quod
2038 4326 2183 4403 esse
2232 4327 2335 4403 est
2440 4329 2560 4406 sua
2612 4328 2951 4407 essentia.

678 4510 687 4524 ,
784 4424 1188 4503 secundum
1259 4426 1486 4523 quid:
1563 4429 1702 4507 hoc
1784 4429 1985 4505 enim
2036 4451 2185 4503 non
2237 4427 2338 4504 est
2543 4435 2609 4507 6.
2666 4430 3006 4528 Amplius
3040 4486 3057 4505 .
3147 4429 3417 4510 Omnis
3487 4458 3596 4511 res
3664 4433 3768 4510 est
3840 4454 3968 4530 per

802 4524 1278 4627 impoffibile.
1340 4529 1717 4606 Invenitur
1785 4530 1987 4607 enim
2038 4526 2333 4626 aliquod
2431 4532 2570 4609 hoc
2639 4533 2830 4644 quod
2910 4532 3127 4609 habet
3194 4532 3338 4612 esse
3372 4590 3392 4609 .
3463 4534 3692 4612 Nulla
3743 4533 3972 4630 igitur-

730 4639 927 4704 ·Lens
978 4624 1799 4705 accidentalecausatum
1850 4656 1937 4707 ex
1956 4626 2331 4728 principiis
2432 4650 2542 4706 res
2591 4658 2788 4726 cujus
2839 4632 3138 4712 essentia
3188 4661 3336 4713 non
3387 4633 3490 4712 est
3544 4637 3747 4712 suum
3786 4634 3961 4725 esse,

772 4726 912 4804 *sui
964 4723 1496 4824 subje&i‚ante
1547 4730 1743 4826 quod
1793 4730 1962 4819 esse,
1984 4729 2331 4827 intelligi·
2432 4731 2537 4808 est
2588 4756 2712 4829 per
2762 4733 3142 4812 essentiam
3197 4737 3439 4828 suam,
3510 4736 3625 4814 sed
3677 4733 3961 4832 partici-

810 4843 932 4908 tur
953 4828 1093 4907 ess'e
1114 4825 1571 4909 substantiale
1621 4824 1940 4921 subjeffi.
1971 4830 2195 4908 Nunc
2214 4856 2334 4910 au·
2431 4831 2721 4931 patione
2770 4833 3115 4936 alicujus,
3146 4838 3439 4916 sscilicet
3491 4836 3702 4937 ipfius
3726 4833 3970 5029 (eggid

760 4965 805 4984 ·-
3822 4956 3866 5004 u
