4597 5696
1351 435 3012 506 DTSSERTATIOPRAEVIA
3712 459 3790 505 xv

585 628 645 674 „
695 595 928 673 gnum
977 592 1132 651 non
1186 564 1411 663 usque
1466 564 1555 643 ad
1608 560 1957 641 terminos
2011 577 2213 639 terrae
2268 558 2487 640 fuerit
2539 561 2928 642 dilatatum
2967 620 2994 659 ‚
3066 580 3154 645 ut
3231 565 3554 645 Historia
3613 568 3784 644 libri

598 728 654 773 ‚,
706 680 1002 771 Regum
1057 669 1417 751 declarat.
1473 669 1743 764 Neque
1797 664 2023 741 etiam
2080 664 2446 743 Salomoni
2476 664 2703 762 potest
2738 666 3052 744 omnino
3075 691 3539 769 competere,
3592 671 3789 768 quod

596 831 657 875 ,‚
703 770 1202 876 diciturzlpse
1255 766 1640 849 invocavit
1692 793 1855 862 me,
1910 775 2131 847 Pater
2182 792 2380 844 meus
2430 795 2503 846 es
2553 789 2684 859 ηις
2736 793 2911 845 cum
2967 769 3338 850 subdatur:
3398 783 3670 849 Ponam
3712 771 3822 859 in„

595 934 654 976 „
683 878 1033 976 saeculum
1087 870 1321 961 faeculi
1353 869 1610 966 semen
1663 866 1885 970 ejus,
1914 866 2009 944 δ’
2064 865 2409 946 thronum
2458 866 2618 968 ejus
2649 866 2849 969 ficut
2898 870 3054 950 dies
3123 873 3276 951 caeli
3315 932 3334 950 .
3408 876 3628 954 Unde
3682 874 3800 951 da·

601 1035 658 1078 „
708 1001 824 1058 tur
877 974 1241 1073 intelligi,
1295 974 1493 1072 quod
1544 971 1719 1071 quia
1771 971 2099 1068 quaedam
2172 970 2537 1068 praemissis
2609 973 2851 1051 verbis
2904 998 3188 1052 annexa
3224 1031 3252 1069 ,
3326 975 3624 1058 Davidi
3680 973 3802 1054 vel

600 1137 656 1180 ‚‚
712 1075 1077 1171 salomoni
1130 1075 1388 1176 possint
1438 1095 1888 1171 congruere,
1938 1073 2267 1171 quasdam
2320 1096 2500 1152 vero
2552 1099 3058 1174 nequaquam3
3108 1077 3306 1177 quod
3346 1078 3436 1157 de
3490 1076 3806 1156 Davide

604 1238 659 1280 ‚,
706 1183 785 1261 8(
836 1179 1211 1259 Salomone
1262 1178 1410 1258 haec
1464 1179 1686 1259 verba
1736 1175 2077 1254 dicantur
2128 1173 2522 1257 secundum
2576 1184 2863 1255 morem
2919 1178 3302 1279 Scriptura:
3372 1179 3451 1255 in
3503 1178 3806 1258 alterius

607 1339 663 1382 „
713 1283 1025 1381 figuram
1056 1336 1081 1375 ,
1136 1280 1214 1360 in
1268 1305 1417 1379 quo
1469 1276 1807 1357 universa
1854 1277 2369 1373 complentur.
2421 1279 2475 1320 ‘⁶
2531 1278 2723 1357 Heic
2775 1278 2997 1359 habes
3066 1280 3666 1358 accuratissimam
3703 1303 3812 1358 re-

606 1386 909 1486 gulam,
961 1407 1183 1482 quam
1239 1380 1479 1481 postea
1536 1379 1864 1480 pluribus
1917 1378 2365 1456 illustrarunt
2421 1380 2736 1459 Huetius
2777 1435 2804 1477 ,
2873 1384 3249 1461 Bossuetus
3285 1439 3314 1480 ,
3380 1381 3813 1478 Calmetus,

609 1485 1051 1604 Marchius,
1105 1483 1497 1583 Vitringa,
1553 1480 2047 1583 Deylingius,
2097 1480 2371 1581 aliique
2426 1483 2716 1581 plureS,
2784 1483 3239 1563 discernendi
3315 1503 3568 1583 praeter
3619 1481 3804 1562 vati-

610 1589 809 1668 eima
887 1587 1183 1687 proprie
1253 1584 1449 1664 dicia
1493 1639 1519 1678 ,
1585 1583 1854 1683 figuras
1910 1582 2120 1676 illas,
2199 1583 2466 1685 eosque
2537 1604 2751 1687 typos
2787 1640 2813 1679 ,
2886 1586 3011 1685 qui
3073 1588 3441 1665 Davidem
3498 1587 3802 1684 quidem

612 1716 683 1772 v.
737 1712 807 1789 g.
860 1709 988 1768 aut
1037 1688 1558 1784 Salomonem,
1608 1704 1737 1764 aut
1788 1684 2024 1761 alium
2076 1686 2420 1783 quemvis
2471 1684 2907 1764 adumbrant
2957 1688 3307 1785 oblique,
3362 1688 3809 1785 improprie,

612 1792 956 1886 obscure,
1007 1790 1080 1867 8<
1114 1789 1310 1888 quasi
1350 1812 1479 1890 per
1505 1786 1707 1876 vim3
1754 1810 1929 1863 curn
1965 1782 2211 1878 reEiO,
2264 1787 2338 1863 3<
2393 1785 2613 1883 plano
2645 1785 2845 1863 sensu
2900 1787 2978 1863 in
3006 1788 3375 1866 Christum
3432 1787 3752 1865 ferantur
3785 1830 3809 1863 ι

718 1892 966 1991 Pergit
1039 1889 1317 1969 Docior
1393 1886 1794 1986 Angelicus
1864 1884 2423 1964 Generationem
2502 1887 2580 1965 in
2655 1884 2971 1966 Divinis
3022 1913 3382 1988 exponere
3446 1887 3810 1966 similibus

614 1992 1200 2074 luculentissimis
1277 1988 1787 2069 Revelationis
1858 1988 2124 2065 divinoe
2193 1986 2685 2067 testimoniis:
2759 2006 2920 2067 tum
2996 2008 3332 2088 praeterea
3384 1989 3625 2088 capite
3694 2015 3807 2066 11.

614 2094 1145 2177 Divinitatem
1200 2092 1388 2170 Filii
1439 2088 1907 2191 patefacere,
1966 2113 2052 2166 ac
2122 2088 2607 2168 Photinianos
2652 2143 2679 2186 ‚
2746 2090 3200 2169 Sabellianos
3246 2147 3283 2188 ,
3349 2090 3834 2195 Arianosque

613 2220 893 2277 errores
947 2192 1361 2295 propulsare
1394 2248 1422 2290 ,
1476 2189 1944 2290 ipsorumque
1998 2194 2503 2288 Paganorum,
2555 2215 2716 2291 quae
2767 2196 3368 2290 opponebantur,
3419 2216 3830 2293 argumen··

615 2313 691 2379 ta
743 2295 1111 2377 refellere:
1167 2295 1365 2396 quod
1421 2290 1969 2391 insequentibus
2020 2291 2406 2392 Capitibus
2458 2293 2757 2393 egregie
2827 2293 3141 2393 praestat.
3201 2296 3607 2373 Methodus
3658 2296 3833 2375 haec-

615 2416 782 2479 toto
834 2425 927 2477 eo
976 2398 1175 2477 libro
1225 2393 1791 2476 constantissime
1846 2393 2194 2472 servatur.
2255 2393 2457 2473 Hinc
2507 2420 2743 2495 vana,
2811 2421 2896 2474 ac
2948 2396 3102 2497 jure
3154 2396 3363 2474 nullo
3415 2393 3640 2491 fulta,
3691 2422 3813 2474 ve-

616 2520 739 2580 tus
791 2527 877 2580 ea
944 2499 1239 2600 querela
1311 2497 1508 2577 Petri
1580 2495 1668 2573 de
1742 2494 2037 2575 Alliaco
2103 2496 2183 2574 in
2237 2494 2594 2575 Traklatu
2625 2554 2652 2594 ,
2703 2523 2927 2597 quem
2995 2514 3249 2578 contra
3306 2502 3670 2599 Joannem
3721 2498 3834 2579 de-

612 2601 1075 2683 Montesono
1100 2599 1369 2698 scripsit
1390 2600 1586 2678 circa
1605 2622 1884 2675 annum
1912 2596 2223 2677 Domini
2256 2604 2468 2699 1388.
2494 2600 2737 2701 capite
2767 2626 2794 2676 1
2818 2627 2845 2675 1
2871 2627 2926 2676 ι.
2949 2601 3231 2677 concl.1
3256 2627 3283 2675 1
3308 2627 3366 2676 1.
3386 2598 3718 2678 corollar.
3751 2624 3820 2675 1.

613 2704 1211 2805 apudqcarolum
1265 2698 1722 2803 Duplessium
1775 2695 2233 2798 d’Argentre
2285 2700 2365 2779 in
2417 2700 2878 2781 Collee'tione
2932 2699 3370 2799 judiciorum
3425 2701 3516 2780 de
3571 2697 3826 2780 Novis

611 2806 978 2896 erroribus
1006 2861 1034 2902 ,
1084 2804 1158 2885 8<
1210 2806 1402 2905 apud
1454 2799 1868 2902 Launojum
1919 2800 2001 2880 in
2051 2801 2283 2884 Libro
2354 2804 2447 2882 de
2515 2802 2743 2883 Varia
2797 2800 3208 2884 Aristotelis
3261 2804 3590 2900 Fortuna
3655 2825 3826 2907 cap.³

609 2935 682 2993 x.
735 2917 826 2988 In
880 2907 1047 3012 ipfis
1101 2904 1540 3003 arduiffimis
1590 2903 1811 2985 Fidei
1862 2905 2200 2986 articulis
2230 2958 2259 3002 ‚
2328 2905 2743 3008 inquientis
2775 2960 2804 3004 ‚
2852 2906 2952 2986 (θ’
3003 2905 3399 2985 humanam
3450 2904 3836 2985 rationem·

610 3009 1333 3110 teafiendentibus,
1381 3006 1627 3089 utitur
1678 3004 1830 3110 ipse
1878 3007 1908 3106 (
1959 3007 2295 3089 Thomas
2347 3007 2375 3106 )
2447 3007 2668 3089 distis
2741 3005 3157 3111 Aristotelis
3191 3064 3221 3107 ‚
3290 3001 3391 3087 &⁴
3458 3005 3821 3105 immiscet

615 3111 778 3216 ejys
830 3107 1357 3215 Philosbphiam
1410 3109 1754 3191 doHrinae
1785 3108 1982 3206 fidei
2005 3164 2033 3208 ‚
2064 3108 2263 3214 sicut
2302 3130 2525 3212 patet
2558 3108 2855 3192 cuilibet
2905 3109 3276 3192 intuenti:
3313 3111 3504 3212 quod
3543 3111 3819 3213 praebet

612 3208 1036 3317 occasionem
1087 3213 1430 3292 errandi.
1487 3215 1664 3292 Haec
1719 3210 2106 3294 instaurata
2160 3212 2456 3313 querela
2509 3241 2552 3294 a
2602 3213 2961 3296 Casimiro
3011 3214 3361 3310 oudino,
3412 3213 3487 3295 8<
3538 3213 3824 3313 Jacobo

612 3315 1026 3409 Bruckero,
1078 3312 1156 3392 in
1210 3312 1561 3416 peculiari
1616 3312 2141 3393 Differtatione
2192 3312 2388 3391 mihi
2437 3313 2537 3392 est
2589 3312 2968 3396 refutanda
2998 3371 3018 3393 .
3072 3316 3182 3414 (a)
3339 3351 3346 3358 ·

723 3420 1110 3498 Humanas
1184 3416 1501 3495 rationes
1529 3466 1557 3511 ‚
1629 3438 1715 3492 ac
1782 3414 2399 3514 Philosophorum
2471 3415 2668 3496 dista
2737 3414 3195 3515 frequentius
3263 3419 3359 3495 ab
3435 3415 3824 3516 Aquinate

617 3519 995 3617 adhibita,
1080 3519 1276 3596 haud
1329 3517 1501 3595 sane
1554 3514 1971 3594 inficiamur
2004 3571 2024 3590 .
2079 3520 2235 3596 Cur
2283 3540 2467 3596 vero
2505 3516 2620 3595 his
2670 3515 3010 3596 Thomas
3059 3515 3225 3596 usus
3275 3515 3545 3614 suerit,
3595 3517 3824 3615 quod-

619 3646 709 3699 ue
764 3620 929 3700 insit
981 3619 1253 3698 eisdem
1309 3635 1776 3697 momentum
1812 3671 1842 3714 ,
1908 3642 2082 3695 cum
2136 3619 2226 3695 ad
2281 3617 2649 3718 supremas
2717 3617 3011 3697 divinas
3057 3618 3406 3697 veritates
3460 3640 3830 3717 exponen-

617 3725 743 3801 das
810 3721 1197 3803 trahuntur
1228 3776 1257 3819 ,
1325 3719 1473 3821 ipse
1554 3724 1770 3798 docet
1821 3723 2222 3819 Praeceptor
2277 3721 2682 3823 Angelicus
2754 3720 2935 3801 locis
2989 3718 3325 3820 plurimis
3364 3777 3382 3797 .
3457 3718 3826 3819 Insignem

622 3823 849 3902 affero
899 3839 1232 3918 textum,
1284 3822 1412 3923 qui
1466 3822 1699 3901 Libro
1757 3825 1813 3899 1.
1867 3824 2150 3922 operis,
2200 3823 2290 3900 de
2345 3848 2500 3921 quo
2533 3824 2879 3922 agimus,
2930 3824 3170 3924 capite
3199 3849 3423 3900 vrrs.
3477 3822 3834 3902 habeturae

482 3974 487 3979 ι
593 3925 679 4025 ’,,
731 3924 1358 4005 Considerandum
1403 3977 1430 4020 ‚
1499 3924 1696 4024 quod
1765 3947 1879 4001 res
1948 3925 2251 4023 quidem
2336 3925 2699 4004 sensibiles
2732 3981 2761 4024 ,
2829 3926 2855 4022 (
2911 3925 2984 4004 8<
3032 3943 3376 4004 creaturae
3426 3947 3685 4002 omnes
3723 3976 3750 4024 ‚
3801 3922 3835 4022 )

615 4081 670 4128 „
721 4056 810 4108 ex
860 4027 1116 4125 quibus
1167 4027 1483 4104 humana
1514 4023 1706 4110 ratio
1758 4026 2206 4123 cognitionis
2241 4026 2686 4125 principium
2727 4028 3006 4123 sumit,
3056 4027 3379 4128 aliquale
3427 4022 3619 4129 vesti
3676 4024 3838 4105 ium

619 4185 671 4228 ‚‚
726 4128 807 4206 in
842 4128 936 4226 se
987 4127 1269 4208 divinae
1325 4126 1769 4207 imitationis
1820 4127 2203 4223 retinent,
2256 4127 2607 4206 videlicet
2673 4129 2877 4224 quod
2931 4128 3146 4226 sunt,
3213 4127 3286 4204 8<
3340 4131 3533 4206 bona
3589 4054 3754 4207 sfint
3804 4152 3832 4222 ς

476 4320 487 4332 Ι
619 4285 672 4330 „
724 4231 830 4308 ita
898 4249 1152 4309 tamen
1227 4227 1730 4328 imperfeHum
1764 4284 1793 4325 ,
1868 4230 2069 4328 quod
2140 4229 2230 4306 ad
2298 4228 2808 4308 declarandam
2884 4227 3097 4327 ipsius
3154 4227 3295 4306 Dei
3351 4226 3829 4309 substantiam
3939 4221 3966 4264 ³

620 4386 675 4432 „
725 4331 1015 4409 omnino
1073 4326 1509 4426 insufficiens
1580 4330 2001 4409 invenitur.
2078 4331 2384 4409 Habent
2452 4329 2659 4408 enim
2709 4326 3009 4408 effeetus
3090 4330 3374 4410 suarum
3429 4331 3830 4410 causarum

617 4488 673 4535 ‚‚
728 4431 856 4509 suo
906 4434 1132 4510 modo
1184 4432 1738 4512 similitudinem
1776 4485 1804 4527 ,
1869 4453 2039 4509 cum
2096 4457 2320 4532 agens
2373 4450 2544 4532 agat
2598 4431 2725 4509 sibi
2783 4430 3075 4523 simile3
3134 4433 3284 4510 non
3338 4451 3495 4510 tam
3515 4456 3608 4511 eu
3665 4431 3833 4526 effe·

617 4587 670 4635 ,‚
722 4530 879 4610 &us
930 4534 1022 4610 ad
1077 4533 1470 4632 perfeRam
1522 4530 1811 4635 agentis
1865 4531 2424 4611 similitudinem
2477 4532 2758 4634 semper
2813 4533 3213 4634 pertingit.
3269 4543 3637 4613 Humana
3693 4535 3832 4634 igi·

615 4692 671 4744 „
730 4658 859 4712 tur
914 4634 1159 4729 ratio,
1212 4638 1300 4713 ad
1371 4636 1963 4736 cognoscendam
2042 4634 2259 4714 Fidei
2340 4634 2753 4716 veritatem
2789 4692 2816 4732 ,
2884 4661 3043 4737 quae
3118 4635 3351 4717 solum
3419 4637 3841 4717 videntibus

638 4791 693 4834 ‚,
749 4736 1113 4814 Divinam
1165 4737 1581 4828 essentiam,
1634 4740 1660 4837 (
1712 4736 1963 4816 altiori
2019 4737 2306 4815 lumine
2359 4738 2614 4837 gloriae
2666 4738 3026 4818 roboratis
3060 4793 3088 4834 ,
3143 4740 3168 4834 )
3237 4737 3466 4839 potest
3515 4739 3658 4816 ess'e
3711 4766 3839 4819 no·

640 4893 696 4939 „
754 4836 1070 4936 tissima,
1128 4838 1229 4916 ita
1282 4838 1353 4915 se
1406 4839 1674 4934 habet,
1727 4842 1924 4939 quod
1978 4842 2069 4918 ad
2123 4864 2289 4920 eam
2346 4839 2574 4942 potest
2628 4840 2913 4938 aliquas
2960 4838 3650 4939 verisimilitudines
3698 4840 3848 4920 col·

637 4995 693 5040 ‚,
752 4940 1023 5054 ligere,
1075 4966 1237 5042 quae
1291 4957 1540 5020 tamen
1591 4968 1744 5020 non
1798 4941 2172 5022 sufficiunt
2222 4941 2316 5022 ad
2386 4943 2524 5023 hoc
2573 4943 2772 5046 quod
2824 4938 3162 5045 praedieia
3234 4941 3503 5022 veritas
3538 4993 3567 5037 ,
3637 4936 3841 5123 qugfi

3623 5093 3678 5135 υ
3786 5073 3857 5123 θ·

621 5135 3862 5209 —Mz

682 5183 879 5198 m-

628 5178 675 5199 “
709 5204 800 5267 (a)
840 5187 1863 5267 simmam
1900 5185 2319 5275 annifinem
2353 5210 2505 5260 rom.
2551 5208 2668 5260 vu.
