4597 5696
1310 385 1901 452 CONTRA
1987 387 2736 480 G'ENTILES
2820 384 3222 449 Lln..1.

636 495 765 577 -fic
816 493 914 574 est
968 494 1047 575 in
1097 500 1308 578 rebus
1342 500 1537 599 quasi
1565 500 1844 602 aliquid
1894 500 2048 597 rei,
2101 498 2223 578 sed

650 598 848 681 -s‘cut
898 598 1003 676 rei
1055 599 1265 677 causa
1294 657 1317 697 ‚
1367 604 1771 700 quaenullo
1819 605 2044 682 modo
2096 601 2222 679 suo

669 700 963 780 effectui
1016 700 1204 778 deest
1250 759 1269 778 .
1349 700 1533 781 Non
1603 705 1808 782 enim
1882 703 2216 782 similiter

665 801 805 879 effe
883 801 1192 919 dicimus
1245 801 1565 882 formam
1606 806 1698 884 in
1731 816 2033 908 corpore
2062 859 2089 901 ‚
2139 820 2214 882 et

662 921 965 982 nautam
1017 929 1097 980 m
1134 929 1305 983 navt
1329 963 1349 982 .
1960 916 1963 921 ’

672 1146 676 1154 Δ
855 1070 862 1078 “
898 1062 954 1124 C
1040 1063 1098 1126 A
1189 1064 1235 1126 P
1323 1068 1383 1127 U
1466 1066 1531 1127 T
1692 1065 1980 1130 xxvu.

702 1183 881 1265 ,Quod
917 1186 1072 1244 Deus
1134 1207 1240 1247 non
1276 1185 1349 1264 sit
1382 1183 1575 1262 fhrmae
1611 1188 1861 1269 alicujus
1900 1187 2168 1266 corpore}-

857 1304 1111 1384 Stenso
1164 1307 1389 1406 igitur
1419 1362 1446 1404 ‚
1514 1309 1714 1409 quod
1788 1314 1989 1387 Deus
2057 1332 2208 1385 non

684 1470 687 1475 .
908 1406 992 1484 fit
1018 1408 1154 1485 effe
1179 1411 1561 1505 omnium,
1613 1408 1945 1489 {imiliter
1978 1409 2208 1487 osten·

657 1505 736 1619 di
788 1507 1017 1604 potest
1048 1564 1076 1605 ‚
1146 1513 1343 1610 quod
1398 1515 1601 1591 Deus
1649 1538 1802 1590 non
1852 1510 1938 1590 fit
1988 1510 2210 1590 alicu·

655 1631 769 1704 Jus
820 1610 925 1686 rei
979 1608 1254 1691 forma.

771 1737 831 1787 1.
886 1713 1092 1789 Nam
1160 1715 1500 1793 divinum
1568 1716 1709 1792 esse
1774 1738 1924 1792 non
1976 1711 2207 1814 potest

658 1810 798 1887 effe
850 1811 1154 1909 alicujus
1206 1817 1313 1893 rei
1365 1816 1728 1915 quidditas
1766 1869 1794 1910 ‚
1843 1840 2001 1914 quae
2055 1839 2207 1890 non

653 1909 743 1990 fit
794 1912 1032 2013 ipsum
1084 1918 1264 2011 effe,
1314 1916 1773 2005 utostensum
1825 1914 1924 1992 est
1975 1914 2003 2010 (
2047 1939 2205 2013 cap.

528 2019 535 2025 ’
656 2036 875 2093 xxm.
928 2015 959 2112 )
1022 2018 1219 2115 quod
1284 2032 1533 2094 autem
1607 2017 1709 2093 est
1779 2015 2018 2115 ipsum
2070 2016 2209 2091 effe

656 2116 1048 2210 divinum,
1102 2141 1255 2193 non
1305 2115 1404 2193 est
1455 2118 1654 2195 aliud
1703 2140 1929 2214 quam
1984 2117 2205 2193 Deus.

659 2214 1109 2314 Impoffibile
1157 2216 1257 2294 cst
1309 2217 1535 2313 igitur
1589 2221 1838 2296 Deum
1889 2216 2030 2295 effe
2079 2214 2206 2293 ali-

657 2315 863 2413 cujus
913 2315 1213 2396 alterius
1263 2316 1580 2395 formam
1602 2374 1623 2394 .

764 2446 832 2493 2.
890 2418 1235 2518 Amplius
1270 2474 1293 2494 .
1364 2423 1635 2497 Forma
1686 2418 2006 2519 corporis
2058 2440 2217 2495 non

657 2514 759 2596 cst
826 2515 1062 2617 ipsum
1132 2521 1271 2597 esse
1310 2575 1337 2616 ‚
1415 2520 1533 2598 sed
1604 2521 1872 2599 effendi
1945 2519 2211 2621 princi-

657 2618 933 2719 piumt?
1010 2626 1211 2699 Deus
1261 2637 1510 2699 autem
1581 2621 1681 2696 est
1735 2621 1972 2721 ipsum
2024 2620 2211 2697 effe.

3791 410 3875 470 39

2328 499 2554 598 Quod
2584 504 2851 577 'autern
2902 493 3003 574 est
3040 492 3497 590 huiusmodi,
3549 521 3706 576 non
3758 496 3881 577 ha»

2325 601 2451 677 bet
2501 618 2747 678 motus
2798 595 3372 678 indeficientiam
3431 621 3520 677 ex
3572 598 3644 676 se
3697 599 3877 700 ipso.

2321 704 2642 800 Oportet
2720 701 2950 801 igitur
3029 697 3236 798 supra
3287 723 3596 779 movens
3649 699 3880 801 seip-¹

2317 803 2478 881 sum
2526 827 2805 903 ponere
2868 801 3067 879 aliud
3137 799 3462 900 primum
3515 826 3876 898 ιηονεης,

2313 906 2510 1005 quod
2562 904 2911 1003 largiatur
2961 901 3524 1002 perpetuitatem
3577 914 3875 998 moturi}⁴

2317 1023 2392 1084 et
2460 1006 2566 1085 sic
2642 1009 2844 1084 Deus
2882 1059 2909 1100 ‚
2984 1004 3115 1104 qui
3185 1001 3284 1081 est
3337 1004 3664 1101 primum
3713 1031 3873 1086 mo·

2310 1132 2493 1187 vens
2549 1161 2576 1202 ‚
2664 1131 2813 1185 non
2894 1104 2996 1184 est
3049 1103 3286 1182 forma
3336 1107 3660 1204 corporis
3710 1132 3873 1185 mo·
3987 1152 3994 1159 -

2309 1210 2552 1288 ventis
2608 1208 2679 1286 se
2734 1207 3009 1305 ipsum.
3065 1203 3192 1283 Est
3243 1220 3495 1285 autem
3547 1206 3668 1284 hie
3709 1232 3876 1307 pro·

2307 1312 2542 1389 ceffus
2616 1309 2824 1388 utilis
2897 1307 3337 1409 ponentibus
3389 1308 3874 1388 aeternitatem

2311 1429 2597 1505 motus3
2648 1436 2797 1512 quo
2849 1435 3001 1499 non
3053 1407 3337 1507 posito,
3390 1408 3648 1485 eadem
3699 1432 3875 1487 con-

2310 1514 2544 1593 clusio
2618 1510 2868 1591 haberi
2937 1508 3167 1611 potest
3237 1533 3328 1586 cx
3403 1509 3876 1608 regularitate

2311 1630 2558 1693 motus
2608 1613 2767 1693 caeli
2823 1667 2844 1690 .
2921 1612 3126 1693 Sicut
3177 1609 3379 1687 enim
3433 1634 3741 1689 movens
3794 1610 3872 1690 se

2313 1715 2548 1814 ipsum
2601 1713 2832 1814 potest
2883 1711 3248 1813 quiescere
3290 1763 3318 1804 ‚
3392 1727 3467 1788 et
3518 1711 3808 1789 moveri
3835 1742 3877 1808 ,·

2311 1817 2415 1893 ita
2466 1814 2696 1913 potest
2746 1814 3112 1904 velociuS‚
3162 1828 3239 1890 et
3292 1808 3562 1889 tardius
3612 1835 3868 1889 move-

2310 1915 2374 1993 ri
2413 1972 2431 1992 .
2513 1914 2913 1994 Neceffitas
3003 1913 3230 2012 igitur
3329 1908 3870 1991 uniformitatis

2310 2032 2556 2095 motus
2605 2015 2764 2095 caeli
2816 2014 3174 2133 dependet
3224 2038 3316 2091 ex
3365 2012 3618 2111 aliquo
3669 2013 3868 2112 prin·

2307 2119 2509 2218 cipio
2596 2116 2946 2215 superiori
3052 2113 3365 2202 omnino
3438 2112 3866 2210 immobili,

2308 2244 2463 2296 non
2568 2218 2716 2296 uod
2764 2214 2871 2295 est
2918 2240 3079 2316 pars
3118 2213 3444 2314 corporis
3491 2214 3887 2294 moventis

2311 2319 2383 2397 se
2433 2318 2515 2418 ip
2544 2343 2673 2397 um
2713 2372 2741 2413 ‚
2822 2317 3030 2417 quasi
3079 2315 3326 2431 aliqua
3377 2312 3616 2394 forma
3667 2312 3826 2411 ejus
3844 2364 3880 2395 ,ε

2417 2421 2620 2499 Huic
2660 2432 2909 2498 autem
2930 2418 3227 2497 veritati
3252 2417 3646 2495 concordat
3674 2416 3862 2496 Scri·

2313 2535 2582 2622 ptura:
2653 2519 2923 2610 dicitur
2994 2520 3203 2597 enim
3274 2518 3355 2594 in
3407 2515 3583 2595 Psal.
3635 2542 3865 2594 v111.

2318 2650 2386 2700 2.
2457 2621 2785 2701 Elevata
2850 2617 2954 2721 est
3043 2616 3600 2717 magnificentia
3681 2638 3878 2713 tua,

430 2720 441 2733 ’
584 2760 587 2761 f
657 2721 844 2801 Non
896 2744 1074 2820 ergo
1136 2720 1241 2798 est
1296 2728 1498 2801 Deus
1562 2720 1801 2799 forma
1850 2720 2213 2820 corporis.
2291 2721 2528 2822 super
2594 2721 2793 2800 caelos
2827 2773 2856 2814 ‚
2937 2730 3139 2800 Deus
3186 2747 3203 2792 ε
3279 2734 3356 2797 et
3408 2719 3562 2795 Iob.
3626 2743 3739 2794 ω.
3797 2721 3878 2795 8.-

769 2847 834 2934 3.
890 2827 1115 2900 Item.
1172 2825 1288 2901 Ex
1338 2824 1612 2902 unione
1658 2820 1913 2901 formae
1963 2839 2037 2900 et
2064 2844 2214 2898 ma·
2315 2820 2681 2920 Excelstor
2731 2821 2898 2901 caelo
2949 2819 3116 2920 est3
3180 2818 3279 2898 o·
3335 2818 3517 2918 quid
3554 2814 3868 2914 facies?

598 3003 607 3011 ,
662 2935 859 3001 tenae
936 2922 1227 3000 resultat
1309 2925 1586 3024 aliquid
1681 2923 2213 3023 compositum,

659 3020 858 3200 ?uod
908 3021 1009 3100 est
1059 3039 1300 3102 totum
1350 3026 1673 3125 respectu
1723 3024 2084 3118 materiae,
2137 3038 2213 3101 et

694 3146 915 3200 ormae
941 3179 963 3198 .
1013 3128 1260 3201 Partes
1309 3144 1555 3204 autem
1610 3127 1773 3205 sunt
1827 3129 1905 3203 in
1959 3143 2210 3224 poten-

659 3223 769 3302 tia
847 3221 1169 3323 respectu
1240 3228 1528 3316 totiu33
1609 3227 1689 3303 in
1749 3231 1914 3304 Deo
1962 3244 2213 3301 autem

665 3323 873 3403 nulla
952 3324 1052 3406 est
1121 3326 1620 3424 potentialitas
1660 3383 1679 3400 .
1764 3324 2213 3422 Impoffibile

662 3425 767 3607 {1st
818 3426 1043 3541 igitur
1100 3431 1345 3505 Deum
1398 3429 1534 3505 effe
1559 3426 1876 3505 formam
1925 3423 2219 3501 unitam

739 3552 889 3607 iem
940 3551 1045 3604 rei
1072 3585 1093 3603 .

766 3657 843 3728 4
895 3630 1194 3712 Adhuc.
1249 3630 1474 3728 Quod
1524 3653 1653 3731 per
1724 3627 1794 3705 se
1848 3627 2068 3704 habet
2118 3623 2218 3701 es-

667 3732 741 3810 se
793 3786 821 3827 ‚
899 3729 1223 3826 nobilius
1267 3730 1372 3807 *est
1424 3757 1515 3810 eo
1565 3732 1760 3831 quod
1813 3729 2031 3805 habet
2082 3727 2221 3803 ess'e

671 3833 755 3909 in
804 3831 959 3908 alio
990 3889 1010 3908 .
1089 3833 1362 3909 Omnis
1413 3852 1660 3911 autem
1712 3829 1952 3909 forma
2003 3828 2223 3906 alicu-

670 3929 1151 4034 jus-corporis
1186 3933 1407 4010 habet
1448 3936 1588 4012 effe
1616 3936 1694 4011 in
1722 3934 1908 4010 alio.
1964 3931 2225 4029 Qum

674 4033 902 4133 igitur
976 4040 1197 4111 Deus-
1271 4032 1360 4110 fit
1414 4059 1560 4113 ens
1636 4031 2167 4125 nobilissimum
2197 4080 2225 4121 ‚

673 4157 848 4309 3:¹1?
852 4134 1041 4311 {13³
1043 4134 1746 4329 ἑῗῗωῖῗὲηῧῖώ
1789 4190 1815 4231 ’
1899 4158 2049 4210 ‘¹⁰¹¹
2102 4155 2226 4229 ΡΟ·

789 4357 849 4425 ς.
904 4338 1252 4411 Praeterea
1299 4392 1317 4410 .
1399 4339 1569 4415 Hoc
1622 4336 1819 4414 idem
1873 4332 2102 4435 potest
2153 4359 2228 4409 o-

674 4430 904 4510 stendi
985 4457 1073 4511 ex
1149 4437 1550 4516 aeternitate
1603 4453 1846 4514 motus
1894 4435 1998 4514 sic
2052 4491 2072 4510 .
2149 4433 2228 4513 Si

679 4538 883 4613 Deus
903 4533 999 4610 est
1034 4533 1266 4612 forma
1293 4534 1593 4634 alicujus
1614 4536 1910 4616 mobilis
1931 4590 1957 4631 ‚
2001 4557 2231 4635 quum

679 4635 830 4750 ipse
881 4635 977 4713 sit
1003 4636 1327 4735 primum
1369 4637 2233 4737 movens‚compositum

683 4755 825 4814 crit
882 4761 1186 4814 movens
1240 4737 1310 4814 se
1363 4739 1601 4838 ipsum
1634 4795 1653 4815 .
1737 4742 1877 4818 Sed
1930 4763 2237 4817 movens

684 4835 757 4913 se
812 4837 1053 4959 ipsum
1107 4838 1334 4937 potest
1384 4839 1710 4933 moveri,
1760 4860 1836 4917 et
1879 4866 2030 4917 non
2085 4865 2241 4916 mo-

682 4961 843 5021 ven
909 4994 928 5017 .
1002 4942 1427 5050 Utrumque
1474 4939 1702 5042 igitur
1768 4940 1850 5018 in
1899 4940 2055 5041 ipso
2104 4939 2243 5022 est.

2509 2923 2830 3023 Longior
2862 2946 3068 3003 terra
3113 2918 3459 3019 mensura
3505 2918 3718 3022 eju,
3765 2917 3878 3012 θ’,

2312 3026 2538 3107 latior
2590 3024 2822 3103 mari.

2414 3128 2533 3209 Sic
2587 3128 2813 3227 igitur
2863 3125 3280 3205 Gentilium
3321 3148 3521 3203 error
3569 3118 3880 3203 evacua-1

2314 3246 2432 3309 tur
2476 3283 2503 3323 ‚
2572 3229 2701 3328 qui
2754 3229 3092 3307 dicebant
3138 3281 3165 3322 ‚
3222 3232 3469 3306 Deum
3522 3226 3661 3303 effe
3710 3224 3874 3301 ani·

2313 3354 2516 3407 mam
2568 3329 2766 3421 caeli,
2817 3329 2941 3404 vel
2992 3329 3221 3405 etiam
3262 3327 3591 3405 animam
3643 3326 3875 3403 totius

2316 3427 2573 3508 mundi
2595 3484 2612 3502 .
2670 3430 2771 3504 Et
2821 3452 2913 3507 cx
2963 3427 3106 3506 hoc
3157 3452 3397 3507 errore
3453 3426 3883 3505 idolatriam.

2318 3526 2804 3607 defendebant
2861 3582 2892 3622 ‚
2939 3528 3262 3608 dicentes
3288 3583 3316 3622 ‚
3365 3546 3610 3606 totum
3660 3552 3877 3604 mun·

2320 3632 2499 3708 dum
2577 3630 2716 3706 effe
2786 3634 3037 3707 Deum
3080 3685 3107 3726 ‚
3181 3655 3333 3712 non
3385 3631 3672 3708 ratione
3722 3651 3885 3706 eor-

2326 3732 2567 3834 poris,
2620 3729 2740 3808 sed
2788 3730 3081 3809 ratione
3130 3732 3436 3809 animae.
3492 3733 3672 3829 Quo
3725 3728 3890 3830 [ορ-ἶ

2326 3833 2565 3933 posito
2585 3886 2609 3926 ‚
2649 3831 2847 3931 sequi
2874 3831 3636 3931 opinabantur‚.quod
3664 3857 3883 3908 mun-

2326 3937 2426 4014 do
2473 3987 2504 4027 ‚
2572 3950 2647 4011 ct
2699 3934 3034 4036 partibus
3090 3934 3243 4030 ejus
3312 3959 3464 4011 non
3548 3931 3880 4010 indebite

2326 4035 2622 4112 divinus
2661 4035 2895 4113 cultus
2917 4034 3389 4113 exhibebatur
3412 4088 3428 4107 .
3483 4036 3885 4111 Commen-

2328 4153 2520 4215 tator
2571 4136 2797 4211 etiam
2848 4134 3028 4213 dicit
3103 4136 3208 4214 in,
3241 4135 3574 4232 Metaph.
3627 4134 3653 4231 (
3708 4134 3878 4212 Lib.

2333 4239 2508 4316 XII.
2559 4260 2599 4311 c
2765 4235 2911 4313 xl1.
2966 4235 2994 4332 )
3044 4235 3241 4335 quod
3317 4234 3452 4328 hic*
3488 4234 3692 4314 locus
3740 4232 3886 4318 fuit

2301 4336 2564 4435 lapsus
2664 4336 3043 4436 apientum
3115 4336 3353 4436 gentis
3429 4337 3886 4434 Zabiomm,

2335 4436 2514 4515 idest
2591 4434 3059 4522 idolattarum
3098 4492 3126 4530 ‚
3192 4438 3367 4537 quia
3433 4437 3712 4517 scilicet
3755 4463 3886 4538 po-

2337 4540 2632 4617 suerunt
2684 4543 2934 4618 Deum
2984 4539 3090 4618 est
3139 4537 3456 4618 formam
3506 4539 3664 4619 caeli
3691 4594 3712 4616 .

2548 4676 2635 4738 C'
2689 4680 2746 4741 A
2837 4676 2882 4740 P
2970 4681 3030 4740 U
3112 4680 3174 4741 T
3335 4680 3672 4743 XXVIII.-

2504 4758 2680 4840 Quod
2717 4761 2872 4820 Deus
2908 4757 2979 4836 ιβ
3017 4762 3413 4840 universaliter
3445 4760 3751 4841 perfeft'us.

2507 4844 2661 4920 Icet
2710 4860 2956 4935 autem
3032 4868 3117 4920 ea
3169 4869 3330 4942 quae
3379 4839 3544 4920 sunt
3576 4895 3603 4933 ‚
3653 4859 3730 4918 et
3778 4840 3891 4918 vi·

2555 4961 2744 5025 vunt
2785 4996 2813 5041 ‚
2863 4941 3293 5044 perfectiora
3343 4940 3483 5021 smt
3527 4965 3754 5040 quam
3804 4961 3889 5017 ea

3728 5061 3896 5142 quae
