4597 5696
1266 385 1883 455 ‘CONTRA‘
1972 390 2720 458 GE‘NT11LEs
2810 380 3061 456 ΕΓΒ.
3153 393 3243 458 11.

739 503 805 576 8.
866 499 1215 599 Amplius
1251 560 1270 579 .
1326 505 1589 602 Quum
1666 524 1891 583 omne
1976 523 2198 600 agens

620 619 805 701 agat
858 599 993 680 sibi
1048 602 1339 708 similet,
1388 607 1483 686 ab
1537 606 1672 685 illo
1723 603 2042 706 acquirit
2093 599 2197 682 es-

632 701 864 784 festus
916 703 1237 786 formam
1289 709 1411 788 cui
1483 733 1613 810 per
1690 706 2010 790 formam
2082 731 2194 786 ac-

622 804 976 904 quisitam
1029 808 1449 907 similatum
1524 810 1701 892 sicut
1764 813 2029 890 domus
2113 809 2195 886 in

630 908 941 987 materia
978 965 1005 1007 ‚
1054 914 1149 990 ab
1189 933 1354 993 ‘arte
1407 938 1565 1015 quae
1619 913 1719 994 est
1774 911 2043 1013 species
2064 912 2189 991 do-

625 1035 794 1090 mus
850 1011 927 1090 in
978 1015 1228 1093 anima
1263 1074 1282 1093 .
1336 1017 1480 1095 Sed
1548 1016 1805 1096 omnia
1873 1013 2189 1098 similan-

631 1130 751 1191 tur
806 1117 973 1194 Deo
1019 1169 1048 1211 ‚
1100 1117 1230 1216 qui
1282 1116 1381 1195 est
1434 1119 1637 1198 acius
1721 1129 1943 1216 purus
1986 1171 2015 1213 ‚
2083 1117 2191 1194 in-

629 1235 990 1313 quantum
1043 1217 1342 1300 haberet
1364 1217 1635 1302 formas
1648 1244 1778 1322 per
1793 1244 1973 1321 quas
2005 1219 2194 1300 fiunt

631 1315 715 1394 in
765 1317 990 1413 αξὶιις
1042 1321 1115 1399 &
1169 1323 1608 1424 inquantum
1660 1321 1932 1404 formas
1982 1347 2195 1425 appe-

626 1434 803 1499 tunt
828 1473 857 1515 ‚
909 1422 1242 1502 divinam
1296 1423 1852 1506 similitudinem
1906 1450 1998 1526 ap
2094 1444 2196 1508 te·

633 1545 714 1598 re
765 1522 1144 1605 dicuntur.
1201 1528 1622 1607 Absurdum
1659 1528 1888 1628 igitur
1936 1555 1978 1606 e
2091 1528 2195 1607 di-

631 1633 840 1721 cere,
891 1628 1089 1726 quod
1142 1654 1388 1713 rerum
1441 1629 1793 1713 formatio
1816 1632 1909 1710 ad
1960 1628 2195 1711 alium

618 1729 998 1830 ‘pertineat
1029 1757 1253 1834 quam
1306 1734 1400 1814 ad
1425 1749 1834 1815 creatorem
1853 1735 2198 1816 omnium

630 1838 890 1914 Deum
924 1891 944 1910 .

740 1939 855 2015 Et.
894 1937 1064 2016 inde
1117 1936 1219 2018 est
1270 1939 1467 2040 quod
1521 1940 1615 2020 ad
1656 1938 2195 2025 excludendum

618 2035 855 2118 istum
880 2065 1204 2121 errorem
1257 2045 1523 2122 Genes.
1587 2071 1648 2122 i.
1678 2042 1986 2148 Moyses
2013 2041 2198 2144 post-

630 2167 857 2242 quam
925 2145 1275 2240 dixerat,
1354 2150 1604 2226 Deum
1676 2145 1757 2225 in
1826 2146 2196 2247 principio

580 2286 587 2292 ·
630 2245 890 2322 caelum
920 2301 947 2341 ‚
999 2248 1070 2324 8<
1098 2279 1101 2284 ·
1126 2267 1395 2325 terram
1447 2250 1708 2328 creasse
1745 2301 1772 2342 ‚
1818 2248 2194 2343 subdidit,

686 2349 1008 2426 uomodo
1058 2353 1312 2429 omnia
1367 2349 1445 2427 in
1516 2350 1844 2451 proprias
1924 2353 2192 2451 species

627 2371 1020 2531 sormando
1101 2450 1509 2531 distinxerit
1548 2507 1575 2547 ‚
1646 2454 1721 2531 8<
1799 2451 2191 2551 Apostolus

626 2551 808 2631 dicit
861 2553 1198 2633 Colossi.
1268 2559 1375 2631 16.
1431 2555 1630 2656 quod
1682 2553 1765 2634 in
1822 2551 1973 2655 ipsb
2026 2582 2188 2638 con-

627 2651 795 2731 dita
826 2652 1020 2749 sunt
1073 2652 1429 2753 universa
1480 2659 1588 2756 (a)
1642 2655 1818 2759 five
1893 2684 2049 2754 quae
2106 2658 2187 2737 in

633 2753 826 2832 caelis
862 2756 1099 2852 sunt,
1135 2755 1310 2856 five
1360 2777 1517 2855 quae
1572 2758 1654 2834 in
1707 2756 1981 2856 terris,
2011 2757 2191 2861 sive

631 2852 966 2957 vistbt'lia
994 2913 1022 2954 ‚
1056 2856 1235 2958 stve
1287 2854 1749 2957 invisibilia.

907 3007 965 3070 C
1048 3010 1111 3073 A
1199 3010 1248 3073 P
1334 3009 1395 3074 U
1480 3006 1543 3073 Τ
1681 3013 1927 3080 XLIV.

710 3157 891 3243 ,Quod
928 3179 1112 3221 rerum
1152 3156 1431 3236 distinaio
1470 3160 1577 3223 noh
1607 3167 1851 3246 pru-effic
1890 3174 1957 3230 bx
1999 3188 2109 3230 me.

991 3241 1222 3303 vitorum
1249 3286 1270 3316 ,
1312 3242 1414 3303 vel
1452 3243 1835 3309 demeritomm

1226 3323 1554 3401 diversitate
1572 3366 1591 3385 .

852 3453 1023 3533 Une
1076 3452 1385 3553 superest
1439 3456 1811 3538 ostendere
1862 3463 2058 3560 quod
2087 3486 2192 3540 re·

898 3580 1065 3635 rum
1116 3555 1490 3638 distinffio
1541 3586 1691 3647 non
1748 3565 2084 3662 processit
2103 3591 2194 3645 ex

628 3654 936 3736 ¹diversis
988 3659 1316 3739 motibus
1369 3659 1585 3740 liberi
1638 3664 1926 3744 arbitrii
1979 3669 2196 3747 ratio·

633 3758 923 3838 nalium
974 3777 1468 3841 creaturarum
1502 3819 1531 3861 ‚
1583 3782 1667 3844 ut
1733 3768 1975 3868 posuit
2028 3770 2199 3849 Ori-

626 3885 858 3960 genes
911 3862 992 3940 in
1045 3863 1278 3944 Libro
1346 3868 1786 3949 Periarchon
1820 3929 1840 3949 .
1915 3869 2199 3956 Volens

629 3964 835 4042 enim
892 3961 1205 4044 resistere
1257 3969 1736 4069 antiquorum
1822 3972 2191 4055 l'iaeretico-

624 4089 795 4143 rum
849 4063 1438 4166 objefflonibus‚
1492 4074 1564 4151 8(
1616 4075 2191 4177 erroribus3qui

625 4165 998 4245 ostendere
1049 4168 1470 4250 nitebantur
1495 4227 1522 4269 ‚
1571 4176 1931 4269 diversam
1983 4198 2188 4259 natu·

627 4289 791 4343 ram
846 4269 1026 4346 boni
1075 4322 1101 4363 ‚
1152 4270 1226 4347 8<
1277 4274 1458 4351 mali
1511 4280 1650 4355 effe
1702 4279 1781 4358 in
1834 4282 2047 4372 rebus
2098 4308 2189 4365 ex

622 4369 1014 4448 contrariis
1064 4369 1473 4472 ffloribus‚
1526 4396 1818 4482 propter
1871 4384 2186 4463 multam

625 4465 1047 4548 distantiam
1138 4472 1519 4561 inventam
1593 4497 1746 4560 tam
1828 4483 1908 4563 in
1976 4489 2190 4573 rebus

624 4572 1079 4687 naturalibus
1126 4628 1151 4669 ,
1204 4602 1430 4676 quam
1511 4580 1593 4659 in
1660 4586 1874 4665 rebus
1938 4588 2189 4666 huma·

625 4696 745 4750 nis
786 4727 813 4769 ‚
878 4700 1104 4775 quam
1178 4678 1380 4757 nulla
1449 4683 1714 4763 merita
1782 4688 2191 4785 praeceffiffe

625 4773 1019 4868 videntum
1073 4778 1347 4859 scilicet
1398 4787 1597 4883 quod
1648 4812 1975 4887 corpora·
2002 4816 2190 4892 quae·

623 4876 803 4956 dam
856 4878 1023 4960 sunt
1066 4879 1314 4962 lucida
1350 4939 1379 4983 ,
1427 4889 1766 4990 quaedam
1834 4892 2189 4991 obscura3

680 5072 2652 5147 &ff-*RQ

2300 496 2604 597 quidam
2655 495 2994 580 homines
3020 522 3110 580 ex
3163 492 3534 596 barbaris,
3566 501 3871 599 quidam

2302 624 2394 678 ex
2445 597 2875 680 Christianis
2927 600 3365 690 nascuntur3
3416 599 3716 681 coa&us
3769 603 3874 706 est

2298 725 2572 803 ponere
2623 727 2928 783 omnem
2981 702 3478 784 diversitatem
3528 702 3611 784 in
3651 707 3870 810 rebus

2290 806 2735 904 inventam,
2785 833 2877 889 ex
2927 805 3344 887 diversitate
3397 807 3870 909 meritorum,

2293 907 2692 987 fecundum
2781 909 2930 991 Dei
3002 907 3357 1009 justitiam
3403 912 3826 1011 -proceslisse
3852 978 3874 1000 .

2293 1010 2505 1090 Dicit
2553 1011 2761 1089 enim
2802 1071 2832 1111 ,
2879 1013 3077 1114 quod
3130 1016 3334 1094 Deus
3386 1040 3477 1093 ex
3529 1015 3681 1096 sola
3734 1017 3862 1099 sua

2292 1112 2625 1195 bonitate
2677 1113 2925 1214 primo
2948 1140 3210 1198 omnes
3238 1138 3602 1200 creaturas
3631 1147 3869 1222 aequa-

2290 1215 2398 1295 les
2450 1216 2792 1315 produxit
2830 1274 2858 1315 ‚
2942 1218 3018 1298 8<
3067 1243 3328 1299 omnes
3402 1220 3808 1320 spirituales
3837 1275 3871 1320 ‚

2303 1318 2379 1398 8<
2430 1319 2824 1400 rationales
2846 1375 2873 1417 ‚
2915 1345 3100 1423 quae
3190 1347 3268 1416 er
3318 1322 3635 1403 liberum
3675 1328 3874 1407 arbi·

2295 1422 2525 1502 trium
2579 1421 3063 1505 diversimode
3146 1439 3282 1504 unt
3331 1446 3551 1506 motat
3596 1484 3624 1525 ‚
3675 1454 3873 1531 qua·

2296 1525 2471 1608 dam
2521 1526 2969 1609 adhaerentes
2994 1532 3164 1607 Deo
3213 1529 3375 1629 plus
3406 1529 3529 1608 vel
3583 1531 3869 1629 minus,

2300 1629 2637 1730 quaedam
2688 1631 2784 1709 ab
2836 1655 2930 1709 eo
2980 1632 3398 1711 recedentes
3451 1635 3690 1733 magis
3741 1633 3871 1716 vel

2298 1734 2602 1829 minus3
2652 1730 2728 1812 8<
2780 1728 3176 1812 secundum
3228 1734 3370 1817 hoc
3421 1735 3681 1815 diversi
3706 1764 3876 1839 gra-

2298 1837 2432 1915 dus
2482 1835 2565 1913 in
2618 1831 3032 1915 substantiis
3085 1833 3579 1934 spiritualibus
3621 1862 3710 1917 ex
3762 1840 3870 1921 di·

2296 1938 2476 2016 vina
2529 1934 2801 2032 justitia
2852 1935 3016 2015 sunt
3072 1935 3535 2039 subsequuti;
3568 1954 3653 2018 ut
3703 1941 3869 2041 qui·

2297 2041 2470 2118 dam
2523 2039 2751 2117 essent
2806 2036 3084 2139 Angeli
3121 2037 3515 2120 secundum
3540 2041 3869 2125 diversos

2294 2140 2587 2221 ordines
2613 2195 2640 2236 ‚
2693 2140 2997 2240 quidam
3050 2142 3316 2221 animae
3369 2140 3706 2225 humanae
3760 2161 3867 2240 et-

2294 2243 2450 2321 iam
2478 2242 2870 2320 secundum
2907 2241 3224 2320 diversos
3248 2243 3506 2340 status,
3558 2241 3867 2345 quidam

2294 2343 2524 2423 etiam
2577 2346 2941 2423 daemones
2994 2341 3073 2419 in
3155 2343 3454 2424 statibus
3525 2347 3868 2445 diversis5

2292 2446 2369 2526 8<
2440 2463 2735 2547 propter
2817 2441 3314 2524 diversitatem
3381 2446 3864 2530 rationalium

2289 2567 2789 2630 creaturarum
2838 2546 3671 2643 dicebat,diverfitatem
3703 2577 3866 2632 cor-

2290 2650 2658 2752 poralium
2681 2662 3177 2726 creaturarum
3230 2651 3479 2727 Deum
3513 2649 3863 2742 instituis-

2291 2751 2413 2847 se3
2463 2767 2548 2829 ut
2596 2747 3085 2836 nobilioribus
3135 2750 3561 2853 corporibus
3641 2751 3863 2834 nobi·-

2286 2852 2512 2939 liores
2563 2848 2970 2952 spirituales
3025 2848 3428 2934 substantiae
3503 2852 3723 2957 adjun
3777 2881 3863 2951 e,-

2291 2971 2545 3036 rentur
2590 2983 2648 3051 ‚·
2685 2968 2769 3033 ut
2839 2950 3321 3035 diversimode
3359 3011 3388 3053 ‚
3457 2880 3866 3063 eorporzis

2286 3075 2626 3140 ,creatura
2717 3054 3204 3159 spiritualium
3291 3057 3858 3165 substantiatum

2294 3158 2692 3242 diversitati
2741 3160 3191 3265 quibuslibet
3239 3162 3480 3245 modis
3514 3163 3681 3247 aliis
3734 3166 3867 3258 deo,

2295 3265 2598 3351 serviret
2619 3324 2638 3342 .
3297 3362 3300 3367 μ
3789 3360 3794 3367 ,

2410 3392 2471 3444 1.
2561 3371 2742 3447 Haec
2818 3384 3066 3447 autem
3139 3369 3399 3469 opinio
3453 3369 3609 3449 ‘esse
3686 3368 3868 3467 salsa

2292 3465 2678 3548 manifeste
2727 3469 3231 3548 convincitur.
3289 3473 3596 3649 (ἒιιὶαηῐο
3646 3472 3861 3552 enim

2296 3569 2583 3671 aliquid
2636 3568 2735 3647 est
2787 3568 3054 3650 melius
3105 3570 3186 3648 in
3215 3570 3356 3650 effe
3434 3571 3596 3650 ibus
3621 3628 3649 3669 ‚
3701 3590 3864 3652 tan-

2301 3692 2382 3754 to
2433 3670 2532 3752 est
2567 3760 2574 3767 ,
2613 3672 2813 3772 prius
2884 3671 2964 3749 in
3052 3672 3464 3752 intentione
3532 3672 3860 3775 agentis,-

2302 3775 2701 3874 Optimum
2753 3794 3001 3853 autem
3055 3776 3136 3853 in
3185 3779 3396 3856 rebus
3437 3777 3698 3856 creatis
3752 3774 3861 3856 est

2302 3873 2657 3980 perfeffio
2706 3874 3017 3956 universi
3054 3932 3082 3973 ‚
3152 3903 3312 3981 quae
3384 3876 3704 3959 consistit
3773 3878 3861 3978 in

2297 3979 2554 4060 ordine
2606 3976 3107 4059 distinfiarum
3158 4004 3441 4059 rerum:
3486 3980 3567 4059 in
3618 3981 3862 4060 omni·

2296 4085 2429 4161 bus
2483 4081 2686 4160 enim
2717 4079 3097 4182 perfeffio
3150 4083 3376 4163 totius
3429 4083 3860 4183 praeeminet

2291 4180 2727 4285 perfeflioni
2780 4182 3257 4283 singularium
3294 4184 3614 4286 partium
3636 4240 3655 4262 .
3709 4184 3861 4285 Igi-

2267 4302 2411 4371 .tur
2459 4283 2829 4365 diversitas
2880 4310 3125 4365 rerum
3179 4288 3523 4388 provenit
3573 4311 3728 4366 non
3760 4309 3858 4373 ex

2292 4384 2701 4467 diversitate
2753 4387 3190 4468 meritorum
3236 4442 3264 4483 ‚
3317 4386 3437 4467 scd
3487 4413 3579 4467 ex
3648 4390 3861 4492 prin·

2291 4488 2517 4591 cipali
2572 4490 2984 4569 intentione
3036 4489 3260 4590 primi
3311 4492 3598 4591 agentis
3629 4547 3649 4568 .

2400 4620 2469 4669 2.
2526 4592 2790 4673 Adhuc
2831 4650 2851 4669 .
2903 4594 2980 4674 Si
3033 4617 3311 4690 omnes·
3342 4611 3698 4673 creaturae
3746 4616 3858 4672 ra·

2291 4692 2602 4774 tionales
2651 4720 2697 4772 a
2747 4694 3114 4798 principio
3182 4693 3478 4777 fiierunt
3544 4693 3861 4798 aequales

2290 4814 2548 4875 creatae
2599 4849 2627 4890 ‚
2843 4814 2985 4878 rtet
3053 4797 3298 4901 dicere
3341 4852 3402 4900 ‚‚
3436 4800 3634 4898 quod
3704 4821 3852 4877 una

2287 4921 2543 4978 earum
2593 4897 2676 4985 in
2759 4925 2850 4980 ua
2891 4902 3315 5001 operatione
3351 4900 3447 4978 ab
3497 4900 3664 4999 alia⁴
3685 4921 3853 5078 rign

3653 5060 3660 5065 -
3781 5024 3855 5081 e-

1750 5133 2651 5157 *mm--

634 5115 814 5209 ffb)
852 5145 1080 5215 vulgat·
1119 5165 1142 5204 .-
1176 5148 1240 5206 ὅ·
1272 5154 1409 5210 mis
1439 5188 1462 5224 ,
1493 5153 1557 5208 ὰ
1608 5159 1670 5213 ὅ·
1701 5171 1840 5216 ema
1873 5196 1895 5230 ,
1929 5159 2166 5232 vnssbo’h'a
2189 5196 2212 5232 ,
2242 5162 2307 5222 θ
2339 5164 2672 5239 tnvifimu'a·

3721 401 3850 461 -181
3932 406 3949 415 '
