4597 5696
1357 219 3378 341 οοΝτκΑῦεΝτιιεειιΒΛιρ
3819 277 3934 356 ³83

700 424 873 493 nata
924 403 1282 501 mobilia3
1330 404 1404 484 8(
1456 403 1852 486 secundum
1877 397 2101 481 fidem
2119 396 2258 478 hae·
2356 414 2555 480 -turae
2624 402 2717 480 ad
2789 397 3238 502 spiritualem
3309 419 3535 499 quam
3603 394 3934 498 spiritua-

693 517 1007 596 reticurn
1033 569 1059 610 ‚
1111 533 1273 614 quae
1321 506 1654 587 animam
1706 497 2263 592 inresurrefflo-
2367 502 2559 582 lium
2609 518 3102 584 creaturarum
3158 503 3251 582 ad
3300 500 3662 581 invicem.
3685 501 3762 584 Si
3795 501 3936 602 ig?-

689 643 788 698 ne
871 617 1071 697 idem
1139 634 1403 713 corpus
1470 610 1832 692 resumere
1912 602 2256 710 praedicat
2357 622 2477 687 tur
2528 631 2574 685 a
2623 606 2992 725 principio
3061 609 3266 686 Deus
3344 621 3501 684 tarn
3570 626 3926 703 magnam

688 719 889 824 quod
939 715 1276 818 deponit.
2355 707 2776 792 distantiam
2828 710 2910 790 in
2959 708 3104 800 suis
3149 705 3501 790 creaturis
3553 704 3866 786 instituit
3898 761 3931 806 ‚

790 849 864 921 7.
921 825 1271 900 Praeterea
1311 873 1333 896 .
1382 819 1579 901 Cum
1630 813 2036 896 multitudo
2085 808 2260 891 fine‘
2342 812 2612 916 absque
2662 815 3031 917 aliquibus
3079 810 3367 893 meritis
3447 809 3926 909 praecedenti.-

681 922 1097 1003 diversitate
1147 922 1291 1000 effe
1338 946 1492 1000 non
1545 919 1807 1022 potiit,
1838 916 1891 994 fi
1944 913 2240 996 fuerunt
2288 949 2291 950 f
2343 917 2523 1014 bus,
2572 944 2727 1000 non
2762 914 3094 1019 oportuit
3141 914 3407 995 merita
3424 911 3710 993 diversa
3726 937 3906 1014 prae·

682 1052 727 1103 a
815 1022 1186 1127 principio
1269 1038 1611 1104 creaturae
1697 1018 2090 1101 rationales
2160 1018 2248 1098 in
2346 1021 2606 1101 cedere
2655 1024 2748 1103 ad
2781 1022 2922 1102 hoc
2972 1020 3172 1123 quod
3223 1019 3306 1098 in
3334 1012 3629 1097 diverfis
3675 1015 3916 1115 gradi·

684 1127 1000 1228 quadam
1056 1123 1531 1206 multitudine
1581 1123 1984 1205 constitutae
2036 1147 2086 1199 o
2221 1166 2249 1184 ·
2351 1124 2488 1204 bus
2508 1141 2849 1206 creaturae
2895 1121 3290 1203 rationales
3327 1117 3920 1200 instituerentur.

680 1230 826 1309 tuit
876 1229 959 1308 in
1009 1228 1116 1309 eis
1167 1228 1492 1329 aliquam
1523 1224 2017 1308 diversitatem
2105 1222 2239 1302 uis·
2456 1253 2570 1307 10.
2624 1228 2891 1308 Adhuc
2923 1282 2945 1304 .
2998 1226 3079 1307 Si
3127 1221 3497 1304 diversitas
3567 1235 3914 1303 creatum

679 1332 752 1410 se
788 1387 807 1409 .
864 1330 1176 1433 Aliquid
1227 1353 1405 1430 ergo
1456 1329 1717 1410 habuit
1784 1352 1933 1408 una
1985 1349 2241 1406 earum
2347 1329 2747 1434 corporalis
2794 1328 3176 1430 respondet
3245 1323 3642 1407 diversitati
3715 1347 3914 1403 crea-

679 1434 880 1534 quod
930 1458 1085 1512 non
1137 1433 1397 1513 habuit
1460 1432 1689 1514 altera
1726 1457 1753 1525 3
1821 1432 1898 1509 8(
1975 1428 2025 1509 fi
2105 1428 2249 1511 hoc
2350 1449 2527 1515 tura».
2579 1432 2965 1515 rationalis
2997 1485 3024 1529 ‚
3075 1430 3239 1534 pari
3289 1429 3572 1508 ratione
3623 1425 3698 1506 8(
3746 1426 3911 1507 uni·

672 1559 765 1614 ex
814 1533 1226 1615 diversitate
1300 1535 1555 1614 meriti
1625 1557 1777 1613 non
1850 1532 2242 1633 procedat,
2344 1534 2712 1619 formitati
2763 1532 3233 1616 rationalium
3258 1547 3757 1613 creaturarum
3797 1550 3906 1608 re.

670 1635 831 1737 pari
882 1637 1169 1748 ragione
1221 1662 1358 1718 nec
1411 1635 1556 1717 fuit
1608 1634 1891 1716 necesse
1941 1650 2026 1714 ut
2080 1656 2239 1734 gran
2343 1639 2724 1757 sponderet
2773 1637 3240 1720 uniformitas
3261 1650 3531 1714 naturae
3563 1653 3904 1747 corpora·

669 1739 803 1817 dus
849 1737 1230 1819 diversitas
1279 1764 1371 1820 ex
1439 1737 1878 1819 meritorum
1940 1735 2232 1819 divers:-
2332 1741 2429 1822 hs
2460 1799 2482 1820 .
2556 1740 2833 1824 Fuisset
2898 1763 2980 1820 er
3029 1765 3082 1820 o
3164 1753 3423 1817 natura
3490 1731 3898 1834 corporalis

668 1853 822 1919 tate
873 1841 1301 1941 proveniret
1325 1897 1351 1919 .
2146 1943 2149 1944 f
2328 1857 2573 1924 creata
2597 1895 2624 1941 ‚
2671 1843 2898 1923 etiarn
2951 1764 3028 1921 hg
3056 1838 3338 1922 diversa
3358 1836 3623 1916 merita
3673 1832 3894 1913 ratio·

772 1947 837 2019 8.
894 1947 1085 2022 Item
1122 1999 1141 2021 .
1199 1940 1479 2023 Omnis
1524 1938 1901 2023 distinffio
1947 1955 2074 2023 aut
2124 1937 2228 2021 est
2328 1946 2522 2027 nalis
2574 1962 2923 2027 creaturae
2976 1968 3132 2038 non
3183 1938 3741 2060 praecessissent,
3772 1934 3894 2016 sed

661 2042 1057 2123 secundum
1093 2043 1528 2125 divisionem
1558 2043 1990 2145 quantitatis
2013 2098 2040 2141 ,
2114 2068 2225 2127 uae
2327 2046 2759 2129 uniformis:
2811 2045 3053 2125 fuisset
3101 2044 3331 2144 igitur
3361 2055 3606 2122 creata
3656 2053 3895 2117 mate·

661 2143 741 2222 in
796 2146 965 2224 solis
1017 2147 1446 2246 corporibus
1499 2145 1646 2242 est,
1698 2147 1891 2224 unde
1943 2146 2022 2223 in
2061 2069 2216 2224 sub-
2317 2149 2429 2229 ria
2480 2148 2771 2252 prima,
2821 2173 2980 2250 quae
3035 2143 3135 2224 est
3167 2143 3515 2224 omnibus
3563 2138 3889 2241 corpori·

657 2244 936 2325 stantiis
988 2249 1238 2347 primo
1286 2248 1593 2343 creatis,
1634 2246 2026 2326 secundum
2046 2247 2214 2326 Ori·
2318 2253 2452 2330 bus
2501 2249 2923 2331 communis
2958 2244 3159 2345 ‚ved
3211 2246 3339 2326 sub
3392 2269 3541 2323 una
3592 2259 3889 2323 tantum

655 2371 926 2447 genem
953 2403 980 2443 ‚
1031 2351 1172 2428 esse
1226 2376 1376 2429 non
1429 2347 1672 2449 potuit
1710 2375 1736 2442 3
1787 2364 1915 2428 aut
1965 2347 2206 2428 secun·
2311 2351 2551 2432 forma
2610 2409 2631 2429 .
2685 2355 2870 2433 Sunt
2923 2365 3172 2429 autem
3257 2347 3338 2452 in
3407 2344 3560 2447 ipsa
3691 2342 3888 2422 lures

645 2450 825 2529 dum
878 2449 1313 2532 divisionem
1369 2448 1808 2547 formalem,
1840 2474 2002 2550 quae
2055 2448 2206 2529 fine
2308 2451 2565 2535 formae
2617 2453 2699 2532 in
2751 2453 3082 2554 potentia
3118 2508 3139 2528 .
3209 2443 3556 2529 Remansr
3612 2463 3690 2524 et
3738 2443 3882 2546 igi-

647 2553 911 2651 gradus
996 2554 1404 2633 diversitate
1473 2555 1617 2632 esse
1707 2578 1861 2631 non
1928 2551 2205 2654 potest,
2306 2571 2428 2637 tur
2477 2552 2911 2656 imperfefla
2955 2607 2984 2651 ‚
3035 2551 3183 2631 sola
3233 2574 3378 2629 una
3427 2541 3584 2647 esus
3630 2543 3880 2635 forma

643 2678 819 2767 eum
871 2653 1040 2732 talis
1088 2654 1351 2734 divisio
1401 2657 1785 2733 reducatur
1834 2655 1925 2732 ad
1964 2654 2204 2753 priva·
2306 2656 2604 2738 redufia
2653 2655 2736 2734 in
2784 2652 3034 2734 anum
3083 2681 3111 2748 3
3160 2651 3362 2767 quod
3409 2672 3564 2731 non
3611 2644 3713 2729 est
3764 2645 3881 2727 di-

642 2768 928 2832 tionem
952 2806 981 2851 ,
1029 2753 1105 2832 8(
1155 2752 1474 2833 sormam
1529 2780 1555 2847 3
1605 2753 1681 2832 8(
1744 2751 1842 2833 fic
1913 2767 2205 2853 oportet
2308 2757 2502 2837 vinae
2555 2754 3002 2836 conveniens
3053 2751 3365 2834 bonitati
3392 2809 3416 2832 .

693 2857 839 2935 uod
888 2852 1115 2934 altera
1169 2854 1575 2936 formarum
1658 2853 2201 2936 condivisarum
2418 2886 2452 2938 1
2475 2886 2534 2938 1.
2586 2864 2781 2940 Item
2821 2914 2846 2937 .
2895 2857 2977 2941 si
3027 2852 3406 2938 diverfitas
3462 2847 3880 2957 corporalis

697 2974 729 3035 t
780 2955 1088 3052 melior,
1137 2957 1214 3037 8(
1263 2957 1489 3039 altera
1540 2956 1804 3040 vilior:
1856 2959 2050 3041 unde
2098 2956 2196 3037 se·
2295 2978 2638 3043 creaturan
2692 2959 3018 3063 sequitur
3066 2956 3386 3040 diversos
3453 2971 3708 3039 motus
3772 2953 3864 3036 li·

634 3059 963 3139 cundum
1019 3057 1543 3163 Philosophum
1569 3060 1888 3164 ‚species
1940 3085 2192 3141 rerum
2298 3065 2457 3145 beri
2509 3063 2800 3147 arbitrii
2837 3060 3213 3145 rationalis
3235 3077 3869 3162 creaturae,opor·

636 3160 805 3240 sunt
852 3158 1031 3275 ficut
1077 3163 1372 3243 numeri
1408 3218 1437 3260 ‚
1486 3189 1804 3281 quorum
1853 3189 2044 3246 unus
2092 3164 2190 3242 al-
2291 3168 2479 3247 tebit
2531 3168 2770 3246 dicere
2811 3221 2839 3263 ‚
2909 3168 3110 3267 quod
3176 3165 3388 3245 causa
3459 3186 3683 3263 quare
3755 3154 3860 3239 est

631 3263 776 3341 teri
826 3262 1076 3361 addit,
1126 3280 1254 3343 aut
1305 3267 1582 3344 minuit
1610 3318 1631 3341 .
1685 3267 1806 3347 Sic
1858 3266 2086 3363 igitur
2134 3262 2191 3343 fi
2292 3286 2582 3350 tantum
2635 3293 2820 3347 unus
2847 3267 2972 3347 Sol
3025 3268 3107 3347 in
3155 3265 3627 3360 mundo‚fit‚
3677 3261 3870 3363 quia·

625 3361 925 3444 suerunt
975 3389 1023 3443 a
1069 3365 1443 3468 principio
1477 3365 1729 3446 multae
1783 3364 2189 3448 substantiae
2288 3384 2579 3451 tantum
2610 3392 2756 3449 una
2807 3367 3182 3447 rationalis
3196 3382 3526 3445 creatura
3577 3360 3671 3442 fic
3690 3386 3868 3440 mo-

627 3464 1330 3561 rationaloessereatae
1373 3524 1402 3568 ,
1453 3482 1744 3569 oportet
1790 3468 1991 3571 quod
2039 3463 2191 3548 fue-
2289 3486 2368 3552 ta
2419 3469 2520 3550 est
2572 3493 2710 3569 per
2788 3466 3102 3549 liberum
3154 3465 3545 3546 arbitrium
3585 3481 3671 3542 ut
3720 3459 3860 3543 tali

621 3565 728 3648 rit
774 3565 1021 3653 ineis
1058 3568 1331 3671 gradus
1378 3568 1795 3655 diversitas.
1900 3624 1917 3671 πμ,
1930 3606 1965 3655 ’ρ
2042 3632 2047 3653 κ,
2142 3626 2151 3635 ,
2284 3571 2578 3674 corpori
2629 3588 3032 3652 mereretur
3079 3566 3380 3669 adjungi
3425 3624 3447 3645 .
3502 3568 3676 3648 Hoc
3724 3589 3854 3645 au·

726 3693 801 3773 9.
853 3672 1090 3755 Item.
1141 3671 1222 3754 Si
1272 3683 1619 3754 creatu‘rae
1669 3666 2060 3752 rationales
2104 3665 2197 3750 ἦε
2286 3688 2445 3756 tem
2497 3671 2641 3753 fuit
2688 3699 2735 3752 a
2783 3671 2949 3754 casu
2980 3726 3008 3768 ‚
3076 3672 3275 3773 quod
3352 3694 3498 3750 una
3550 3681 3845 3749 tantum

614 3770 1197 3873 nefcorporitm
1240 3773 1604 3855 subsistere
1637 3777 1971 3877 pofl'unt,
2018 3797 2174 3853 non
2270 3773 2369 3856 sic
2423 3791 2788 3878 peccaret.
2845 3773 2970 3854 Est
3021 3774 3250 3875 igitur
3300 3797 3346 3852 a
3394 3771 3605 3869 casu,
3643 3770 3847 3873 quod

611 3870 759 3991 fuit
788 3872 1305 3969 neeessariam..
1328 3893 1627 3980 propter
1692 3876 1972 3957 diversa
2022 3898 2173 3955 me·
2267 3876 2363 3959 sit
2410 3890 2596 3960 unus
2645 3878 2771 3960 Sol
2824 3878 2906 3958 in
2980 3878 3270 3956 mundo
3306 3928 3334 3973 ‚
3383 3875 3459 3954 8(
3523 3898 3678 3955 non
3744 3870 3868 3954 ad-

607 3990 796 4075 ma,
842 3970 1319 4057 fflfioualium
1367 3995 1862 4058 creaturarum
1942 3976 2178 4057 diver·
2278 3980 2768 4063 neceffitatem
2821 3978 3218 4081 corporalis
3271 3994 3543 4058 naturae
3561 4031 3585 4054 .

608 4070 893 4190 fflatem
948 4075 1030 4154 in
1085 4093 1343 4155 natura
1408 4080 1775 4179 corporali
1852 4078 2177 4161 institui:
2394 4109 2505 4159 12.
2559 4086 2906 4163 Praeterea
2934 4138 2956 4159 .
3006 4083 3203 4161 Cum
3254 4095 3589 4159 creatura
3638 4072 3857 4172 spicia

603 4197 784 4276 quia
833 4175 910 4254 8(
958 4175 1108 4255 fine
1156 4177 1567 4259 diversitate
1599 4206 1991 4283 corporum
2042 4206 2166 4282 po-
2267 4183 2488 4264 tualis
2539 4208 2691 4263 non
2762 4184 3131 4277 me'reatur
3198 4181 3628 4262 descendere
3695 4172 3858 4258 nisi·

610 4290 804 4392 terat
875 4275 1199 4358 diversus
1264 4282 1529 4381 gradus
1602 4284 1683 4362 in
1758 4282 2169 4365 substantiis
2265 4310 2398 4387 per
2447 4302 2876 4387 peccatum3
2907 4283 3274 4365 descendit
3324 4299 3574 4362 autem
3624 4304 3670 4359 a
3706 4277 3860 4359 sua»

606 4376 1088 4495 rationalibus
1139 4380 1507 4464 inveniri.
1563 4384 1641 4466 Si
1672 4402 1921 4466 autern
1972 4410 2166 4465 crea-
2272 4387 2726 4469 sublimitate
2773 4386 2854 4466 in
2893 4412 3040 4487 qua
3062 4385 3446 4466 invisibilis
3498 4382 3643 4481 est,
3698 4404 3837 4482 per

602 4494 785 4560 turae
834 4481 1224 4562 rationales
1274 4481 1422 4563 fine
1471 4488 1919 4589 corporibus
1942 4486 2167 4565 -subfi-
2270 4492 2416 4570 hoc
2462 4490 2661 4592 quod
2714 4488 3121 4568 visibilibus
3171 4488 3600 4590 corporibus
3665 4482 3833 4564 uni·

602 4579 1337 4699 stermmjpoffimt
1368 4613 1394 4680 3
1428 4610 1614 4688 ergo
1682 4614 1726 4666 a
1793 4586 2164 4689 principio
2269 4608 2430 4682 tur3
2480 4593 2796 4673 videtur,
2824 4591 3026 4690 sequi
3130 4592 3276 4671 uod
3326 4589 3640 4671 visibilia
3668 4607 3830 4665 cor·

600 4680 841 4803 §aaut
868 4702 1059 4795 ctu
1092 4700 1423 4767 creatura
1474 4689 1820 4770 ration'ali
1892 4687 1992 4768 est
2062 4703 2165 4770 et·
2265 4718 2445 4793 pora
2497 4693 2637 4773 sint
2687 4692 2792 4773 eis
2843 4692 2956 4795 adj
3134 4718 3178 4772 a
3230 4710 3526 4795 propter
3574 4710 3826 4792 pecca·

598 4810 753 4866 ram
805 4807 1131 4867 creatura
1181 4790 1920 4906 corporalisinstituta
1942 4848 1960 4868 .
1982 4786 2151 4872 Ma·
2257 4811 2462 4873 tum:
2512 4798 2713 4915 quod
2761 4795 3051 4879 videtur
3100 4795 3595 4913 propinquum
3629 4812 3826 4871 erro·

594 4886 715 4993 jor
760 4888 861 4974 est
873 4906 1124 4977 autem
1170 4890 1508 4982 distantia
1546 4893 1951 5000 corporalis
1960 4919 2152 4987 crea-
2251 4896 2322 4981 ri
2395 4898 2992 4990 Manichaeorum
3055 4916 3494 5005 ponentfflm
3556 4949 3587 4999 ν
3653 4895 3824 5080 ἓξὲξ
