4597 5696
1347 400 3014 475 DISSERTATIOPRAEVIA
3661 407 3914 473 :vu-⁰

601 543 660 638 '‚'‚‘
696 539 930 632 bona,
950 527 1185 613 Alibi:
1208 528 1285 634 fi
1338 530 1577 630 igitur
1628 528 1897 629 aliquis
1947 556 2187 610 omnes
2237 525 2558 607 rationes
2609 554 2852 608 rerum
2888 525 3355 627 cognosceret,
3381 525 3829 629 cognosceret
3903 564 3917 573 ·

602 692 659 737 ‚‚
710 635 955 715 omnia
1006 639 1186 714 bona
1222 691 1244 711 .
1314 633 1713 712 “Felicius
1768 630 2055 710 fortasse
2121 632 2474 710 mendum
2533 629 2625 709 fic
2676 630 3050 729 corriges:
3092 627 3168 730 st
3245 628 3488 728 igitur
3553 631 3828 729 aliquis

605 768 847 819 omnes
898 735 1213 816 rationes
1261 763 1342 814 re
1355 762 1519 812 rum
1567 754 1977 813 creatarum
2028 729 2626 930 cognofieretjstc
2673 732 3115 830 cognosceret
3131 731 3381 810 omnia
3430 735 3637 829 bona,
3669 759 3828 830 quae

604 840 688 923 in
740 843 945 919 rebus
992 836 1253 918 creatis
1287 835 1377 934 se
1392 836 1708 913 cundum
1760 834 2092 913 ordinem
2146 833 2429 912 divinae
2515 832 2855 935 apientiae
2896 832 3296 933 provenire
3300 832 3614 934 poffunt:
3641 832 3838 933 quod

604 940 780 1039 effet
831 940 1180 1019 divinam
1231 938 1643 1017 bonitatem
1663 992 1693 1033 ‚
1740 938 1841 1016 Φ*
1897 936 2123 1015 etiam
2130 934 2589 1035 sapientiam
2622 935 3209 1038 comprehendere
3230 991 3248 1011 .
3301 935 3828 1018 Solidiffimam

608 1050 689 1127 T
693 1044 933 1122 homae
983 1038 1390 1119 doetrinam
1451 1040 1752 1139 egregie
1804 1038 2122 1117 declarat
2178 1036 2651 1116 Ferrarienfis
2704 1037 2784 1115 in
2831 1037 3399 1117 Commentario
3432 1094 3451 1114 .

725 1197 779 1240 ‚‚
829 1142 1095 1241 Capite
1147 1170 1269 1241 71·
1306 1138 1380 1240 ὗ.
1435 1141 1772 1220 Tollitur
1823 1140 2103 1218 etiam:
2159 1166 2313 1238 quae
2343 1138 2488 1235 sub
2529 1138 3019 1240 providentia
3077 1139 3224 1219 Dei
3277 1143 3535 1218 bonum
3586 1140 3827 1219 locum

629 1266 685 1347 9,
736 1246 991 1323 habere
1040 1271 1181 1322 non
1224 1242 1492 1344 poffet.
1551 1242 1816 1320 Alibi:
1871 1238 2073 1344 quast
2121 1241 2402 1319 malum
2434 1239 2578 1337 sub
2622 1239 3109 1342 providentia
3161 1240 3325 1318 boni
3384 1240 3532 1321 Dei
3582 1241 3834 1320 locum

624 1403 681 1448 ,‚
730 1347 984 1426 habere
1034 1371 1176 1424 non
1179 1343 1484 1525 soffet.
1536 1342 1594 1385 “
1643 1346 1966 1435 Textus:
2022 1354 2164 1422 Per
2211 1343 2338 1422 hoc
2385 1340 2612 1421 etiam
2664 1341 2960 1421 tollitur
3008 1342 3308 1421 errandi
3361 1340 3611 1443 occasio
3665 1351 3834 1421 Ma-

618 1447 948 1545 nichaeis‚
999 1447 1126 1546 qui
1233 1473 1318 1524 uo
1361 1444 1613 1547 prima
1650 1444 2027 1546 principia
2077 1442 2377 1543 agentia
2417 1443 2818 1544 posuerunt
2843 1500 2870 1540 ‚
2923 1447 3182 1523 bonum
3216 1500 3245 1541 ‚
3310 1444 3407 1522 <9-
3463 1442 3743 1521 malum
3792 1497 3826 1541 ,

623 1578 777 1652 quae
808 1547 951 1647 sub
990 1546 1479 1650 providentia
1532 1546 1681 1627 Dei
1733 1552 1991 1628 bonum
2040 1546 2272 1623 locum
2325 1546 2579 1624 habere
2628 1574 2770 1624 non
2810 1543 3073 1646 poffet.
3134 1550 3224 1623 In
3252 1544 3818 1625 Commentario

622 1649 1092 1734 Ferrarienfis
1144 1651 1342 1728 idem
1397 1649 1492 1727 fic
1529 1649 1827 1729 effertur
1881 1665 2158 1727 textus:
2217 1647 2373 1747 ‚Qui
2426 1647 2951 1744 (Manichaei)
3005 1647 3143 1725 duo
3184 1646 3561 1748 principia
3610 1674 3830 1748 agen-

623 1755 783 1848 tia,
834 1757 1090 1830 bonum
1122 1748 1451 1847 scilicet,
1501 1752 1596 1828 <9⁹
1652 1752 1929 1829 malum
1946 1747 2382 1849 posuerunt3
2437 1747 2637 1850 quast
2687 1752 2714 1848 (
2768 1748 3047 1824 malum
3102 1748 3129 1843 )
3179 1749 3303 1837 sub
3329 1747 3826 1848 providentia

626 1856 780 1938 Dei
851 1857 1110 1933 bonum
1177 1852 1410 1930 locum
1485 1852 1739 1931 habere
1814 1878 1957 1927 non
2019 1847 2250 1949 poffet
2281 1905 2300 1925 .
2377 1852 2543 1927 Imo
2601 1849 2920 1947 ejusdem
2975 1849 3290 1928 Thomae
3364 1850 3588 1926 verba
3658 1847 3828 1931 sunt

624 1983 830 2059 num.
896 1980 957 2051 5.
1010 1956 1508 2051 praecedente:
1578 1981 1721 2030 non
1772 1949 1944 2049 effet
2016 1950 2205 2029 locus
2254 1946 2579 2052 justitiae
2644 1948 3140 2028 vindic-ativae
3166 2005 3190 2046 ‚
3242 1948 3316 2052 si
3366 1947 3638 2029 deliHa
3687 1976 3834 2029 non

625 2057 893 2155 effent.
999 2059 1102 2135 Et
1167 2080 1373 2132 num.
1451 2058 1539 2132 6.Ἴ
1590 2082 1675 2131 ex
1728 2052 1943 2132 malis
2011 2051 2338 2151 quaedam
2391 2056 2570 2130 bona
2636 2052 3166 2150 consequuntur
3216 2080 3302 2130 ex
3344 2049 3833 2152 providentia

627 2156 1110 2261 gubernantis
1148 2212 1168 2231 .
1252 2157 1440 2253 Quae
1507 2155 1868 2232 veriffirna
1938 2154 2381 2232 documenta
2455 2153 2741 2253 sumpta
2814 2153 2979 2233 sunt
3029 2176 3121 2231 ex
3179 2152 3575 2255 Augustini
3630 2153 3828 2233 libro

632 2263 724 2341 de
775 2271 1073 2338 Natura
1124 2256 1288 2336 boni
1337 2280 1588 2334 contra
1641 2254 2107 2333 Manichaeos.
2967 2312 2984 2345 ,

727 2417 783 2458 ‚‚
834 2360 1096 2459 Capite
1155 2364 1290 2435 81..
1310 2358 1504 2437 circa
1554 2358 1818 2436 finem:
1878 2355 2225 2435 divinam
2268 2353 2831 2457 providentiam
2871 2383 3014 2435 non
3067 2356 3434 2454 excludit,
3473 2354 3836 2471 provenit

621 2514 678 2560 ‚‚
728 2489 957 2559 neque
997 2480 1134 2561 per
1183 2455 1653 2562 hujusmodi.
1734 2464 1938 2558 Lege
1981 2486 1999 2530 z
2068 2454 2419 2558 provenit
2485 2457 2684 2537 enim
2754 2488 2842 2538 ex
2884 2458 3342 2559 permiffione
3410 2457 3684 2537 divina
3733 2486 3829 2538 en

626 2617 686 2662 ‚‚
735 2560 1022 2654 defeHu
1078 2558 1511 2657 inferiorum
1566 2561 1945 2659 agentium
1963 2557 2188 2660 ‚sicut
2240 2561 2333 2639 de
2384 2558 2554 2639 aliis
2626 2559 2842 2640 malis
2890 2558 3172 2639 dietum
3224 2558 3378 2664 est,
3410 2558 3554 2656 sed
3605 2587 3842 2661 neque

625 2719 683 2763 „
729 2687 863 2766 per
912 2661 1371 2766 hujusmodi.
1425 2663 1479 2705 “
1533 2666 1858 2741 Textus:
1914 2659 2361 2764 Hujusmodi
2414 2683 2661 2742 autem
2738 2660 3186 2740 inordinatio
3267 2659 3620 2740 divinam
3662 2680 3831 2761 pro-

631 2764 1057 2848 videntiam
1108 2793 1250 2843 non
1304 2763 1627 2843 excludit
1653 2791 1676 2855 ς
1685 2763 2043 2865 provenit
2090 2790 2322 2863 neque
2354 2819 2374 2839 .
2431 2766 2724 2843 Lacuna
2778 2780 3001 2865 patet,
3018 2787 3240 2863 quam
3297 2762 3459 2861 tvpi
3512 2779 3841 2841 errantes

633 2869 871 2949 fecere
907 2926 928 2946 .
1008 2873 1112 2948 At
1180 2866 1363 2946 nihil
1439 2866 1767 2945 hiulcum
1839 2866 1920 2943 in
1997 2866 2256 2946 eodem
2315 2882 2520 2944 textu
2560 2919 2587 2962 ‚
2671 2890 2896 2966 quem
2969 2855 3437 2945 Ferrarienfis
3488 2866 3702 2945 affert
3753 2865 3840 2943 in

635 2968 1198 3051 Commentario
1242 2998 1259 3048 :
1332 2965 1480 3069 Ista
1550 2966 1996 3056 inordinatio
2047 2995 2191 3047 non
2243 2967 2567 3047 excludit
2617 2966 2966 3047 divinam
3031 2966 3633 3069 providentiam:
3685 2984 3848 3067 pro-

637 3074 861 3152 venit
911 3071 1106 3151 enim
1158 3101 1244 3148 ex
1283 3068 1750 3172 permilJione
1801 3069 2075 3150 divina
2110 3089 2416 3171 propter
2466 3065 2829 3166 defeHum
2883 3067 3314 3164 inferiorum
3381 3066 3766 3168 agentium
3818 3125 3840 3146 .

641 3184 900 3273 Neque
940 3191 1077 3272 per
1127 3171 1541 3273 hujusmodi
1596 3171 2211 3251 inordinationem
2261 3172 2600 3251 totaliter
2667 3171 3035 3251 naturalis
3086 3172 3253 3250 ordo
3303 3168 3768 3270 pervertitur
3817 3225 3842 3248 .

743 3329 800 3370 „
848 3273 1111 3373 Capite
1174 3276 1336 3349 116.
1388 3271 1512 3348 fin.
1555 3273 1699 3349 Hic
1750 3269 1989 3369 igitur
2039 3268 2141 3366 eli
2173 3272 2366 3365 finis
2414 3273 2641 3354 totius
2689 3273 3166 3373 legislatoris.
3228 3275 3540 3350 Videtur
3591 3271 3845 3370 legen-

640 3431 698 3476 „
746 3378 925 3455 dum
961 3404 977 3451 :
1013 3370 1201 3466 finis
1249 3395 1445 3452 totus
1493 3370 1968 3468 legislatoris.
2021 3374 2074 3417 “
2133 3380 2302 3452 lmo
2352 3374 2727 3452 retinenda
2778 3377 3068 3454 videtur
3116 3401 3264 3453 vox
3314 3372 3582 3472 totius,
3636 3369 3846 3471 idest,

644 3477 879 3559 omnis
926 3472 1405 3576 legislatoris.
1464 3477 1523 3552 F
1526 3472 1934 3552 errarienfis
1985 3475 2065 3551 in
2116 3475 2684 3553 Commentario
2732 3476 2996 3569 habet,
3048 3478 3276 3556 totius
3309 3532 3330 3552 .

750 3581 968 3661 Plura
1032 3577 1427 3677 sequuntur
1496 3577 1761 3653 menda
1804 3630 1832 3670 ,
1899 3601 2059 3675 quae
2128 3576 2562 3674 corrigenda
2635 3575 3037 3656 Lucarinus
3105 3576 3363 3675 jubet:
3418 3576 3537 3656 sed
3588 3576 3848 3654 eadem

644 3680 972 3763 corre6ia
1025 3679 1342 3780 prostant
1395 3678 1475 3756 in
1527 3676 1846 3778 ejusdem
1900 3676 2368 3757 Ferrarienfis
2420 3679 2982 3757 Commentario
3008 3736 3028 3754 .
3081 3732 3136 3774 ‚‚
3175 3680 3402 3758 Libro
3454 3707 3523 3778 4.
3576 3679 3844 3775 Capite

644 3836 702 3880 ‚‚
758 3811 874 3885 30.
926 3807 1130 3860 num.
1186 3808 1255 3879 4.
1312 3790 1514 3860 Deus
1564 3778 1765 3881 misit
1819 3780 2107 3859 Filium
2139 3781 2367 3879 suum
2418 3804 2677 3860 natum
2728 3808 2816 3859 ex
2867 3780 3213 3860 muliere:
3268 3785 3512 3880 Lege,
3547 3778 3846 3879 fastum

645 3937 704 3983 „
753 3914 841 3964 ex
892 3882 1246 3962 muliere.
1306 3885 1483 3960 Haec
1537 3882 1739 3960 enim
1792 3880 2014 3961 leffio
2069 3882 2581 3980 correspondet
2631 3883 3150 3982 sequentibus,
3202 3898 3285 3961 ut
3336 3881 3612 3982 legenti
3668 3907 3840 3962 con·

646 4040 704 4082 ‚‚
756 3985 970 4066 stabit
1022 3984 1432 4062 evidenter.
1490 3985 1543 4027 “
1598 3985 1718 4062 Ad
1771 3985 1984 4062 illum
2043 3988 2269 4063 Sacrae
2325 3985 2709 4084 Scripturae
2783 4001 3063 4063 textum
3133 3986 3224 4063 ad
3277 3984 3577 4063 Galatas
3627 3984 3851 4083 Capi-

645 4102 722 4167 te
771 4117 843 4186 4.
899 4086 1081 4165 vers.
1136 4113 1205 4184 4.
1256 4085 1542 4164 varians
1593 4084 1817 4164 lefflo
1871 4088 1965 4164 ab
2017 4085 2538 4183 Interpretibus
2589 4103 2941 4181 notatur,
2975 4082 3272 4186 fabium
3339 4114 3427 4164 ex
3477 4085 3786 4164 muliere
3817 4141 3850 4185 ,

651 4188 729 4266 8<
778 4211 1038 4267 natum
1092 4217 1177 4268 ex
1228 4183 2149 4265 muliere.·Nihilominus
2200 4188 2443 4286 priore
2495 4185 2812 4265 leffione
2848 4187 3056 4264 usum
3110 4186 3615 4288 Aquinatem,
3665 4187 3851 4265 inte·

647 4310 781 4386 ger
834 4289 1078 4369 suadet
1134 4288 1332 4367 locus
1383 4285 1533 4386 ejus
1574 4343 1595 4363 .
1669 4341 1724 4383 ‚.,
1796 4291 2002 4366 Idem
2081 4287 2469 4388 Apostolus
2538 4288 2723 4367 dicit
2796 4290 2885 4366 ad
2954 4288 3196 4367 Galat.
3252 4316 3321 4387 4.
3392 4290 3590 4390 quod
3647 4299 3853 4370 Deus

648 4442 705 4488 „
750 4386 960 4488 misit
993 4387 1249 4483 filium
1282 4389 1508 4487 suum
1561 4412 1821 4467 natum
1875 4391 1902 4487 (
1959 4387 2235 4468 saelum
2289 4390 2318 4487 )
2369 4418 2457 4468 ex
2505 4387 2860 4468 muliere:
2929 4391 3018 4469 &.
3057 4390 3335 4470 Matth.
3402 4418 3459 4468 1.
3513 4390 3782 4471 dicitur
3830 4440 3866 4486 ‚

645 4543 705 4589 ‚,
758 4489 956 4588 quod
991 4494 1222 4593 Jacob
1267 4490 1534 4590 genuit
1566 4490 1843 4594 joseph
1892 4493 2150 4570 virum
2210 4490 2473 4569 Mariae
2502 4546 2529 4589 ‚
2600 4491 2693 4570 de
2744 4517 2891 4590 qva
2936 4514 3154 4571 natus
3229 4488 3332 4593 est
3364 4492 3648 4598 jesus,
3722 4492 3856 4592 qut

646 4647 702 4690 „
752 4612 1062 4670 vocatur
1111 4590 1431 4691 Christus
1458 4650 1475 4669 .
1535 4596 1717 4670 Non
1771 4613 2019 4673 autem
2077 4591 2196 4671 vel
2249 4617 2339 4671 ex
2394 4618 2480 4671 ea
2515 4588 2767 4692 fac‘lus
2804 4648 2831 4690 ‚
2900 4593 3022 4672 vel
3091 4618 3180 4676 ex
3253 4619 3339 4673 ea
3388 4617 3608 4674 natus
3655 4596 3853 4674 dice*

644 4747 703 4791 ‚‚
754 4713 999 4791 retur,
1050 4690 1096 4769 fi
1154 4691 1389 4771 solum
1443 4719 1569 4791 per
1621 4718 1785 4772 eam
1820 4749 1846 4789 ‚
1900 4694 2078 4775 ficut
2131 4720 2258 4795 per
2307 4694 2620 4773 fistulam
2674 4693 3339 4794 tranfiiffet‚-nihil
3393 4723 3481 4776 ex
3534 4721 3619 4774 ea
3672 4698 3853 4775 ass'u-

649 4849 703 4892 „
754 4821 1017 4874 mens:
1076 4819 1165 4872 ex
1221 4818 1304 4870 ea
1360 4794 1584 4890 igitur
1635 4823 1893 4896 corpus
1946 4795 2311 4898 ass'umpfit
2353 4854 2371 4873 .
2441 4799 2494 4841 “
2552 4801 2811 4878 Nemo
2861 4825 3013 4878 non
3082 4799 3285 4879 videt
3334 4837 3368 4894 ,Δ
3413 4794 3711 4898 sallum
3759 4822 3849 4877 ex

655 4897 971 4977 muliere
999 4951 1023 4992 ‚
1075 4895 1323 4996 legisse
1378 4896 1756 4975 ‘lhomam
1789 4957 1806 4976 .

752 5054 809 5097 „
857 4999 1125 5098 Capite
1184 5003 1301 5102 38.
1353 5022 1557 5075 num.
1615 5027 1684 5092 7.
1738 5004 1827 5082 de
1895 5000 2336 5086 autioritate
2388 5001 2688 5087 indufla
2721 5029 2845 5085 ,ex
2908 5001 3199 5108 Cyrillo
3249 4979 3418 5086 vide
3440 5033 3484 5105 ‚·
3516 5027 3675 5104 quae
3727 4998 3850 5078 ad·
3903 5004 3908 5008 ’

751 5103 1719 5188 S.Th.Contr.Gent.Tom.I.
2755 5131 2802 5189 c
3616 5155 3671 5203 2,
3721 5125 3852 5202 nof
