4597 5696
777 371 895 438 182
1157 384 1166 462 ’ἢ
1382 361 1520 434 DE
1573 356 2169 436 ‘vr-:RITATE
2225 367 2984 441 CATHOLICAE
3029 361 3348 433 FIDEI
3846 438 3850 441 ⁴

761 484 1183 588 dependet„
1237 484 1464 586 Quod
1517 499 1766 561 autern
1842 481 2186 585 provenit
2238 508 2330 565 ex
2432 479 2878 564 demeritum
2953 483 3350 566 secundum
3416 499 3706 567 motum
3779 484 4001 577 liberi.

758 587 1112 671 concursu
1162 583 1614 667 diversarum
1664 587 2044 668 causarum
2079 640 2106 684 ‚
2155 612 2329 690 qua·
2461 602 2464 604 ’
2513 586 2532 604 “
2568 586 2611 604 “’
2668 586 2712 601 ”
2880 588 2914 604 ”
3451 588 3471 604 “
3706 589 3722 603 ”
3852 590 3935 604 ““

755 714 1123 794 rmnuna
1174 693 1267 770 ab
1316 688 1464 768 alia
1515 716 1669 769 non
1719 690 2081 791 dependet
2120 744 2145 785 ,
2218 687 2323 769 est

753 790 1043 874 casuale
1070 849 1092 871 .
1148 794 1384 895 Igitur
1437 793 1830 880 seeundum
1899 790 2321 896 praedi&am

751 894 1197 999 politionem
1249 896 1418 975 talis
1467 894 1838 976 distinffio
1882 951 1908 992 ‚
1974 897 2052 977 8(
2135 898 2317 977 ordo

749 1024 1002 1080 rerum
1055 998 1152 1077 est
1204 1000 1560 1079 casualis:
1611 1000 1809 1101 quod
1844 998 1961 1079 'est
1994 999 2315 1101 imposti-

750 1101 952 1290 ῗῦε,
1006 1120 1089 1283 ᾖ(
1139 1100 1348 1204 supra
1399 1103 1429 1204 (
1479 1127 1636 1204 cap.
1687 1125 1954 1182 xxxtx.
2008 1102 2039 1202 )
2089 1101 2318 1183 osten-

787 1228 914 1295 ωτι
966 1228 1008 1282 e
1084 1261 1104 1282 .

864 1333 931 1409 3.
990 1306 1343 1410 Amplius
1383 1363 1405 1384 .
1459 1308 1686 1407 Quod
1737 1305 1837 1386 est
1891 1306 2119 1388 alicui
2188 1332 2314 1386 na-

748 1407 1034 1505 turale,
1085 1433 1238 1490 non
1289 1411 1692 1512 acquiritur
1722 1411 1819 1488 ab
1871 1432 1963 1489 eo
2015 1436 2143 1511 per
2184 1436 2313 1489 vo-

744 1510 1150 1593 luntatem:
1207 1529 1453 1591 motus
1506 1514 1712 1592 eni-m
1763 1511 2209 1607 voluntatis,
2230 1510 2312 1591 fi-

743 1636 845 1694 ve
896 1613 1114 1692 liberi
1166 1614 1454 1695 arbitrii
1504 1615 1994 1719 praesupponit
2013 1615 2313 1696 existen-

741 1715 936 1796 tiam
986 1716 1305 1796 volentis
1333 1771 1360 1815 ‚
1408 1720 1505 1804 ,ad
1554 1744 1780 1819 quam
1833 1718 1987 1816 ejus
2025 1736 2313 1798 natura·

739 1813 849 1897 lia
899 1821 1293 1920 exiguntur
1330 1877 1350 1898 .
1403 1820 1485 1902 Si
1537 1820 1767 1920 igitur
1819 1844 1948 1922 per
2017 1836 2310 1900 motum

738 1917 965 2002 liberi
1016 1921 1304 2001 arbitrii
1354 1922 1742 2025 acquifitus
1810 1921 1910 2001 est
1983 1922 2309 2003 diversus

795 2025 1008 2104 radus
1059 2024 1538 2105 rationalium
1554 2042 2051 2105 creaturarum
2068 2079 2099 2125 ‚
2150 2024 2308 2104 nul-

776 2124 804 2202 i
853 2144 1196 2208 creaturae
1248 2127 1590 2208 rationali
1643 2128 1787 2209 erit
1834 2126 1997 2209 suus
2047 2129 2309 2230 gradus

738 2228 1097 2307 naturalis
1121 2283 1148 2325 ‚
1202 2227 1321 2309 sed
1373 2229 1842 2315 accidentalis
1887 2288 1906 2308 .
1966 2233 2135 2311 Hoc
2186 2257 2308 2312 au·

732 2341 897 2407 tem
948 2328 1051 2409 est
1103 2329 1578 2432 imposfibile:
1635 2358 1869 2434 quum
1920 2332 2126 2412 enim
2163 2331 2300 2412 dif-

731 2425 1051 2512 ferentia
1103 2430 1435 2535 specifica
1489 2434 1576 2515 fit
1625 2435 2024 2537 unicuique
2091 2449 2297 2514 natu-

730 2532 909 2651 ralis
928 2587 958 2631 ‚
1007 2533 1332 2637 sequitur
1381 2539 1582 2640 quod
1658 2564 1918 2619 omnes
1986 2535 2298 2619 substan-

726 2649 854 2717 nae
905 2636 1299 2719 rationales
1347 2655 1649 2740 ercam,
1703 2639 1843 2720 fint
1881 2638 2097 2721 unius
2148 2638 2296 2741 spe-

723 2737 881 2818 ciei
912 2795 941 2837 ‚
994 2739 1273 2821 scilicet
1324 2742 1608 2857 Angeli
1653 2798 1679 2839 ‚
1748 2744 2115 2824 daemones
2142 2797 2168 2838 ‚
2219 2740 2294 2821 8(

721 2841 992 2937 animat
1043 2842 1383 2926 humanae
1400 2899 1429 2944 ‚
1459 2846 1553 2927 ·&
1602 2845 1870 2929 animat
1902 2842 2295 2928 caelestium

722 2968 1122 3046 corporum
1150 3003 1178 3044 ‚
1227 2975 1390 3050 quae
1412 2949 1779 3051 Origenes
1817 2950 2146 3030 animata
2168 2972 2291 3047 po-

725 3049 953 3129 nebat
996 3076 1017 3122 t
1073 3048 1147 3129 8(
1201 3051 1343 3132 hoc
1393 3052 1533 3129 esse
1585 3049 1846 3129 salsum
1923 3041 2295 3130 diverfitas

719 3147 1108 3231 afflonum
1159 3151 1605 3233 naturalium
1677 3151 2001 3232 declarat
2050 3172 2079 3245 ς
2143 3175 2298 3230 non

721 3251 932 3335 enim
985 3252 1085 3334 est
1140 3254 1336 3345 idem
1392 3255 1699 3350 modu3‚
1749 3279 1901 3355 quo
1953 3253 2295 3332 naturali-

715 3372 834 3436 ter
888 3355 1243 3456 intelligit
1295 3353 1710 3436 intelleRus
1736 3355 2288 3457 humanu3,qui

720 3456 978 3555 sensu,
1026 3458 1102 3538 8(
1152 3455 1524 3561 phantasia
1575 3457 1902 3561 indiget,
1951 3458 2026 3539 8(
2076 3456 2289 3538 intel·

718 3559 951 3643 letius
999 3561 1509 3662 angelicus,&
1558 3562 1810 3641 anima
1860 3559 2095 3658 Solis,
2148 3557 2286 3640 nifi

719 3659 912 3744 forte
963 3662 1065 3743 fin
1109 3674 1326 3745 'amus
1382 3663 1711 3762 Angelos
1753 3718 1780 3767 ‚
1851 3661 1927 3741 8(
1977 3661 2284 3742 caelestia

716 3784 1025 3868 corpora
1127 3766 1353 3844 abere
1396 3787 1647 3842 carnes
1696 3813 1722 3848 2
1786 3761 1861 3839 8(
1911 3764 2063 3842 ossa
2127 3816 2155 3858 ‚
2205 3764 2282 3844 8(

715 3867 899 3952 alias
955 3866 1368 3966 hujusmodi
1419 3879 1697 3964 parta,
1745 3862 1838 3941 ad
1889 3862 2031 3945 hoc
2079 3867 2280 3968 quod

715 3971 989 4074 poffint
1038 3991 1315 4066 organa
1365 3963 1702 4043 sensuum
1753 3962 2058 4058 habere3
2081 3969 2281 4070 quod

715 4070 822 4152 est
873 4070 1259 4150 absurdum
1282 4125 1301 4144 .
1320 4065 1806 4166 Relinquitur
1833 4067 2060 4169 igitur
2136 4073 2284 4152 uod

715 4171 1091 4250 diverfitas
1185 4167 1740 4250 substantiarum
1832 4169 2084 4252 intelle
2161 4199 2280 4254 ua-

566 4297 570 4302 ·
712 4269 912 4350 lium
992 4297 1145 4352 non
1227 4270 1694 4372 consequitur
1784 4273 2294 4354 diversitatem»

715 4374 1155 4473 meritorum
1179 4430 1207 4472 ‚
1258 4400 1423 4493 quae
1477 4374 1642 4456 sunt
1674 4374 2066 4457 secundum
2113 4400 2273 4458 mo-

708 4491 840 4560 tus
888 4476 1105 4556 liberi
1156 4477 1489 4559 arbitrii.

707 4602 722 4609 ·
820 4607 894 4680 4.
948 4579 1259 4662 Adhuc.
1312 4581 1394 4664 Si
1445 4605 1533 4663 ea
1583 4606 1744 4684 quae
1771 4577 1939 4660 sunt
1987 4593 2272 4661 natura-

709 4679 818 4761 lia
854 4736 883 4778 ,
933 4707 1083 4762 non
1133 4684 1616 4787 acquiruntur
1665 4709 1796 4786 per
1846 4697 2134 4766 motum
2190 4683 2273 4763 li-

711 4784 872 4864 beri
921 4785 1206 4867 arbitrii
1241 4815 1284 4888 ;
1333 4786 1665 4865 animam
1734 4802 1984 4867 autem
2055 4785 2272 4866 ratio·

707 4886 965 4968 nalem
1015 4887 1148 4966 tali
1190 4925 1195 4931 ·
1231 4887 1537 4986 corpori
1591 4886 1818 4966 uniri·
1869 4890 2269 4992 acquiritur

706 4989 808 5081 ei·
830 5005 1130 5099 propter
1176 4989 1583 5097 praecedens
1629 4987 1984 5075 meritum
2030 5046 2060 5094 ,
2140 4993 2265 5078 vel
