4597 5696
747 396 830 482 7⁸
1065 346 1070 353 ⁴
1237 400 1240 403 ·
1356 386 1512 479 ,ΒΕ
1570 396 2148 463 vestra-re
2205 397 2926 471 carrionem
2987 373 3325 489 riom,

745 518 892 597 xlv.
947 515 1021 593 in
1079 510 1198 590 fin.
1255 526 1329 589 et
1399 532 1553 613 cap.
1606 512 1702 590 lv.
1758 530 1832 592 et
1881 512 2031 589 lvr.
2086 512 2118 609 )
2183 514 2298 592 Ex
2398 515 2789 613 cognoscat
2821 567 2847 610 ‚
2901 515 3021 595 sed
3073 518 3306 599 solum
3362 519 3777 606 intellcstus
3818 526 3948 629 qui

740 618 856 696 his
910 618 1136 717 igitur
1187 610 1477 690 videtur
1529 613 1728 713 sequi
1799 617 1997 714 quod
2062 613 2298 715 fingu-
2399 615 2499 694 est
2570 618 2647 693 in
2698 619 3079 717 potentia:
3164 625 3476 719 privatio
3544 628 3742 704 enim
3794 655 3950 709 non

734 719 915 797 laria
1004 713 1515 813 contingentia
1600 739 1752 792 non
1829 714 2219 814 'cognoscat
2270 770 2289 791 .
2393 718 2538 798 nisi
2607 716 2719 794 in·
2758 720 3086 817 potentia
3157 726 3293 800 effe
3369 725 3649 824 potest:
3727 746 3803 807 et
3853 756 3946 809 ex

732 818 778 919 (’
818 823 1044 898 Aver.
1100 817 1263 907 Lib.
1318 813 1483 891 dest.
1539 816 1668 892 ubi
1721 815 1865 915 sup.
1921 817 1950 912 )
2346 821 2534 903 ,hoc
2586 819 2917 915 sequitur
2965 824 3161 918 quod
3214 850 3364 901 non
3425 822 3688 906 habeat
3741 834 3942 910 Deus

771 928 780 937 '
832 923 1115 1020 Quarta
1186 914 1286 993 est
1354 938 1443 991 ex
1504 915 1644 993 hoc
1694 918 1887 1014 quod
1939 939 2278 1015 quorum·
2382 923 2473 997 de
2527 916 3005 1017 singularibus
3057 924 3405 1002 notitiam
3438 978 3469 1021 ‚
3543 926 3625 1004 in
3674 930 3937 1028 quibus

728 1020 901 1099 dam
957 1016 1425 1117 fingularium
1478 1016 1683 1095 causa
1736 1017 1833 1093 est
1884 1018 2223 1095 voluntas
2258 1070 2279 1091 .
2382 1019 2714 1114 malum,
2764 1021 2835 1095 8<
2891 1021 3213 1119 privatio
3242 1026 3649 1104 invenitur.
3674 1029 3935 1127 (Idem

720 1119 1052 1201 Effessus
1119 1136 1364 1196 autem
1415 1136 1827 1215 antequam
1899 1116 1983 1195 fit
2019 1173 2044 1210 ‚
2125 1143 2278 1196 non
2384 1128 2521 1204 111.
2573 1122 2663 1197 de
2715 1119 2963 1197 anima
3013 1142 3284 1201 comm.
3336 1128 3561 1222 xxv.)

716 1220 950 1323 potest
999 1219 1134 1299 nifi
1185 1219 1267 1295 in
1322 1216 1441 1294 sua
1491 1218 1698 1295 causa
1748 1219 2124 1316 cognosci:
2183 1218 2276 1295 fic
2619 1221 2673 1313 <J
2758 1222 2817 1285 A
2910 1220 2953 1294 P.
3045 1223 3099 1314 {J
3188 1225 3276 1317 T·
3332 1306 3345 1318 ·
3415 1228 3653 1289 Lxlv.
3748 1294 3758 1305 ,

712 1322 919 1413 enim
975 1322 1207 1399 solum
1260 1318 1396 1392 esse
1450 1316 1676 1418 potest
1745 1335 2139 1417 antequam
2192 1344 2296 1395 m
2382 1302 2539 1363 Ordo
2593 1299 2951 1361 timendorum
3009 1322 3181 1363 ctrcae'
3210 1301 3475 1365 drvmam
3508 1310 3870 1388 cognste'onem
3909 1355 3933 1374 .

713 1422 790 1499 se
841 1423 980 1499 effe
1034 1418 1381 1517 incipian
1432 1435 1674 1497 motus
1727 1438 1971 1496 autem
2012 1419 2271 1496 volun-
2588 1426 2660 1499 D
2712 1402 2921 1513 huius
2972 1439 3220 1502 autem
3275 1427 3534 1504 erroris
3586 1430 3928 1512 exclusio-

709 1522 885 1602 tatis
932 1547 975 1598 a
1028 1520 1233 1598 nullo
1282 1520 1567 1617 possunt
1608 1542 1734 1618 per
1756 1520 2268 1599 certitudinem
2632 1536 2847 1613 nem,
2899 1541 2982 1602 ut
3033 1524 3258 1602 etia‘m
3286 1526 3558 1605 divinae
3607 1529 3920 1613 scientiae

705 1620 801 1703 c³o
853 1622 1051 1701 nosci
1104 1618 1264 1700 nist·
1291 1645 1333 1698 a
1384 1621 1725 1711 volente,
1779 1616 1856 1698 in
1908 1620 2108 1714 cujus
2146 1642 2265 1718 po·
2371 1620 2725 1721 perseffio
2772 1621 3232 1721 ostendatur,
3282 1644 3571 1726 oportet
3608 1628 3917 1730 diligen·

704 1739 780 1803 te
841 1740 958 1803 ate
1029 1725 1194 1803 sunt
1244 1778 1263 1796 .
1342 1720 1787 1821 lmpoffibile
1861 1721 1958 1798 est
2041 1721 2262 1815 igitur
2366 1742 2474 1800 ter
2525 1726 2913 1802 veritatem
2967 1725 3334 1824 inquirere
3385 1728 3578 1806 circa
3632 1729 3915 1830 singula

705 1828 905 1927 quod
932 1829 1131 1905 Deus
1183 1826 1270 1903 de
1307 1819 1716 1919 hujusmodi
1759 1820 2262 1921 singularibus,
2361 1823 2913 1922 praedissorum‚
2965 1842 3048 1905 ut
3098 1849 3184 1902 ea
3234 1852 3391 1927 quae
3448 1828 3613 1907 sunt
3652 1834 3912 1912 verita·

700 1951 858 2027 quae
924 1929 1211 2005 causam
1281 1948 1370 2001 ex
1442 1921 1820 2001 voluntate
1887 1923 2178 2001 sumunt
2225 1973 2256 2016 ‚
2356 1925 2413 2002 ti
2467 1927 2872 2021 contraria,
2916 1926 3392 2044 repellantur.
3448 1930 3703 2011 Primo
3731 1960 3910 2034 ergo

696 2027 1045 2107 notitiam
1097 2045 1371 2105 certam
1423 2024 1725 2100 habeat.
2357 2024 2870 2121 ostendemus,
2919 2030 3117 2126 quod
3167 2030 3461 2108 divinus
3496 2032 3911 2118 intellecius

801 2128 1089 2223 Quinta
1142 2124 1240 2202 est
1292 2147 1382 2200 ex
1417 2123 1887 2223 singularium
1943 2120 2252 2197 infinita·
2357 2124 2742 2222 singularia
2796 2127 3169 2224 cognoscit
3201 2183 3221 2202 .
3297 2132 3631 2209 Secundo
3697 2139 3895 2232 quod
3967 2197 3977 2209 .

659 2238 814 2319 xte.
873 2224 1255 2303 Infinitum
1309 2223 1563 2315 enim,
1642 2221 2075 2319 inquantum
2128 2221 2253 2296 hu·
2355 2225 2730 2321 cognoscit
2780 2250 2865 2301 ea
2915 2249 3073 2323 quae
3124 2250 3279 2301 non
3331 2229 3493 2306 sunt
3543 2231 3639 2308 inf
3668 2233 3841 2312 ac'tu
3875 2291 3898 2312 .

688 2322 1054 2423 jusmodi,
1121 2325 1220 2403 est
1302 2320 1697 2421 ignotum:
1778 2340 1950 2396 nam
2019 2342 2243 2397 omne
2345 2325 2614 2401 Tertio
2662 2326 2859 2424 quod
2932 2326 3309 2423 cognoscit
3378 2329 3890 2431 contingentia

685 2428 884 2528 quod
953 2423 1468 2525 cognoscitur,
1541 2422 1674 2499 sub
1737 2420 2244 2518 cognoscentis
2341 2422 2581 2501 futura
2635 2424 3007 2502 infallibili
3061 2425 3488 2524 cognitione
3525 2486 3545 2503 .
3602 2435 3892 2529 Quarto

680 2527 1338 2628 comprehensione
1380 2524 1930 2624 quodammodo
1959 2521 2256 2629 mensu·¹
2338 2526 2532 2624 quod
2560 2525 2933 2624 cognoscit
2956 2543 3199 2629 motus
3214 2526 3632 2609 voluntatis.
3651 2534 3889 2631 Quin-

677 2647 917 2722 raturz,
965 2652 1142 2707 cum
1179 2624 1623 2704 mensuratio
1674 2621 1861 2700 nihil
1902 2622 2100 2699 aliud
2139 2621 2236 2699 sit
2337 2642 2416 2705 to
2434 2628 2632 2726 quod
2658 2626 3033 2725 cognoscit
3063 2625 3385 2705 infinita.
3440 2632 3659 2709 Sexto
3687 2636 3886 2732 quod

729 2756 903 2817 uam
953 2730 1282 2830 quaedam
1350 2723 1778 2805 certificatio
1849 2723 1955 2800 rei
1987 2746 2225 2817 ,men-
2306 2726 2705 2826 cogndscit
2756 2725 3103 2826 quaelibet
3128 2729 3335 2807 ‘vilia
3366 2782 3394 2823 ‚
3444 2731 3516 2808 8<
3569 2733 3882 2812 minima

708 2850 924 2909 uratae
966 2859 984 2906 ε
1057 2832 1250 2908 unde
1329 2829 1571 2907 omnis
1622 2851 1732 2905 ars
1785 2818 2070 2902 infinita
2123 2846 2226 2900 re-
2328 2828 2409 2905 in
2460 2826 2747 2908 entibus
2783 2885 2801 2904 .
2872 2829 3201 2927 Septimo
3249 2830 3445 2931 quod
3496 2833 3872 2932 cognoscit

597 2951 605 2959 ·
669 2931 924 3030 pudiat
974 2987 993 3006 .
1063 2927 1470 3027 Singularia
1533 2945 1779 3034 autern
1850 2925 2010 3002 sunt
2062 2923 2219 3000 infi-
2323 2928 2563 3021 mala,
2615 2929 2693 3005 8(
2738 2929 3184 3029 privationes
3253 2931 3619 3032 quaslibet
3649 2983 3678 3030 ‚
3750 2932 3874 3014 vel

666 3031 828 3110 nita
877 3033 968 3106 ad
1020 3030 1264 3106 minus
1316 3029 1393 3105 in
1444 3028 1771 3130 potentia
1822 3083 1838 3100 .
1897 3024 2254 3122 Impossi-‘
2321 3026 2638 3107 defectus
2689 3085 2708 3103 .

669 3127 818 3208 bile
870 3130 1099 3230 igitur
1146 3129 1433 3206 videtur
1480 3129 1677 3226 quod
1729 3130 1923 3204 Deus
1973 3126 2214 3222 singu·
2592 3140 2647 3200 C
2735 3143 2792 3205 A
2882 3145 2929 3207 Ρ
3016 3146 3072 3208 υ
3163 3147 3223 3207 τ
3351 3151 3554 3212 va.

661 3227 843 3309 laria
894 3231 1320 3330 cognoscat.
1374 3230 1984 3324 (commentator
2039 3226 2217 3304 ΧΠ.
2637 3221 2709 3280 od
2748 3227 2902 3284 Deus
2947 3226 3261 3366 fiffularia
3298 3231 3579 3309 cogmsm
3608 3272 3628 3292 ·

657 3329 997 3432 Metaph.
1043 3349 1238 3409 com.
1293 3331 1390 3405 lr.
1433 3329 1460 3426 )
2617 3341 2634 3360 ·
2682 3303 2842 3366 pm,
2891 3322 3005 3386 ’μ’
3056 3347 3071 3363 ·
3117 3326 3259 3369 ¹¹V·
3300 3326 3415 3368 m·
3461 3330 3556 3372 ¹¹·

759 3434 974 3513 Sexta
1017 3419 1121 3508 'est
1176 3455 1263 3509 ex
1318 3432 1465 3528 ipsa
1537 3427 1822 3505 vilitate
1889 3423 2204 3523 singula-
2305 3421 2692 3605 PRimo
2745 3422 2969 3522 igitur
3018 3426 3472 3508 ostendamus
3511 3434 3707 3530 quod
3730 3431 3859 3513 fin-

650 3530 889 3611 rium.
961 3535 1155 3611 Cum
1223 3531 1425 3616 enim
1494 3528 1835 3607 nobilitas
1889 3526 2204 3604 scientiae
2511 3521 2877 3624 gularium
2926 3528 3262 3626 cognitio
3313 3532 3478 3607 Deo
3527 3556 3679 3608 non
3728 3558 3854 3632 po-

644 3632 1138 3712 exnobiIitate
1174 3631 1440 3710 scibilis
1476 3630 2018 3728 quodammodo
2037 3650 2201 3724 pen·
2303 3622 2434 3701 test
2486 3626 2715 3703 deeffe
2768 3682 2785 3700 .

644 3729 881 3826 setur,
923 3734 1176 3809 ‘vilitas
1229 3733 1450 3808 etiam
1508 3730 1775 3807 scibilis
1831 3729 1907 3803 in
1957 3726 2193 3821 vilita-
2410 3752 2467 3800 1.
2524 3724 2910 3803 Ostensum
2964 3723 3063 3801 est
3114 3723 3318 3804 enim
3373 3725 3584 3824 supra
3636 3729 3845 3829 (cap.

644 3848 802 3910 tem
855 3829 1166 3909 scienti'ae
1219 3831 1610 3907 redundare
1661 3830 1948 3906 videtur
1987 3881 2006 3899 .
2061 3825 2194 3902 Di·-
2293 3822 2488 3901 xlix.
2537 3822 2564 3917 )
2614 3824 2812 3919 quod
2866 3820 3065 3901 Deus
3115 3826 3486 3921 cognoscit
3538 3827 3680 3924 alia
3731 3830 3841 3908 in·

637 3931 855 4011 vinus
908 3945 1152 4009 autem
1224 3930 1632 4008 intellectus
1700 3925 2186 4005 nobilissimus
2283 3940 2644 4024 quantum
2697 3922 2795 3998 est
2846 3924 3056 3999 causa
3108 3926 3245 4004 eis.
3323 3924 3649 4007 Effecius
3716 3955 3837 4008 au-

638 4027 781 4114 est.
838 4036 1019 4112 Non
1057 4030 1297 4130 -igitur
1348 4030 1497 4127 ejus
1520 4029 1862 4108 nobilitas
1916 4026 2184 4126 patitur
2284 4033 2437 4102 tem
2490 4021 2727 4102 divini
2803 4021 3243 4118 subsistentes
3323 4027 3483 4104 sunt
3534 4053 3647 4106 res
3701 4030 3836 4122 sin-

632 4133 832 4248 quod
917 4137 1115 4211 Deus
1182 4133 1507 4233 quaedam
1580 4128 1922 4207 viliffrma
1996 4128 2186 4204 inter
2284 4125 2604 4224 gulares:
2660 4123 2796 4203 hoc
2855 4126 3056 4203 enim
3093 4128 3314 4205 modo
3338 4131 3535 4206 Deus
3586 4132 3831 4209 causat

631 4258 746 4314 sm
800 4233 1029 4310 ularia
1079 4234 1469 4330 cognoscat
1512 4231 1610 4346 .(
1668 4231 1871 4309 Idem
1925 4227 2100 4305 ibid.
2153 4229 2185 4325 )
2281 4251 2435 4319 res,
2486 4227 2923 4321 inquantum
2977 4225 3151 4306 facit
3179 4253 3296 4305 eas
3344 4229 3481 4305 efl'e
3510 4229 3588 4305 in
3639 4228 3831 4309 affin,

635 4417 646 4426 ,
826 4332 1058 4433 ptima
1109 4335 1208 4411 est
1261 4359 1349 4412 ex
1376 4331 1660 4411 malitia
1710 4355 1866 4430 quae
1909 4329 1992 4404 in
2022 4328 2178 4426 qui·
2285 4325 2743 4405 Universalia
2794 4345 3040 4404 autem
3093 4353 3244 4404 non
3296 4328 3455 4406 sunt
3506 4354 3615 4408 res
3669 4331 3825 4408 sub-

627 4436 931 4514 busdam
983 4434 1465 4533 singularibus
1519 4431 1926 4510 invenitur.
1982 4433 2176 4505 Cum
2280 4427 2590 4524 sistentes
2625 4479 2653 4516 ‚
2722 4427 2839 4505 scd
2908 4429 3176 4504 babent
3249 4431 3387 4505 efl'e
3457 4428 3690 4508 solum
3744 4433 3828 4510 in

623 4529 829 4615 ⁸enim
896 4536 1278 4632 cognitum
1355 4535 1452 4611 sit
1500 4535 1749 4633 aliquo
1819 4532 2044 4608 modo
2096 4527 2174 4604 in
2277 4526 2754 4625 singularibus
2796 4582 2823 4621 ‚
2910 4543 2992 4604 ut
3059 4529 3404 4626 probatur
3473 4531 3553 4607 in
3649 4535 3825 4610 VII.

622 4633 1104 4736 cognoscente
1155 4660 1181 4725 ε,
1247 4633 1534 4709 malum
1579 4653 1822 4712 autem
1875 4632 1956 4708 in
2012 4633 2175 4705 Deo
2278 4629 2612 4727 Metapb.
2688 4632 2714 4726 (
2770 4645 2943 4707 text.
3008 4652 3283 4708 comum
3354 4629 3453 4713 11.
3507 4632 3537 4727 )
3620 4637 3824 4710 Deus

618 4735 760 4818 esse
811 4763 962 4814 non
984 4734 1238 4835 possit,
1290 4751 1595 4829 utsupra
1643 4734 1839 4830 (cap.
1876 4730 2172 4825 xxxrx.)
2267 4728 2493 4826 igitur
2566 4730 2941 4827 cognoscit
3008 4753 3120 4807 res
3188 4728 3369 4808 alias
3429 4755 3474 4808 a
3544 4731 3613 4807 se
3666 4752 3819 4810 non

617 4833 1137 4934 ostensumest3
1188 4835 1477 4913 videtur
1530 4832 1726 4938 sequi
1747 4836 1940 4929 quod
1967 4835 2164 4909 Dens
2266 4830 2499 4906 solnm
2577 4830 2655 4907 in
2725 4831 3112 4912 universali
3167 4882 3204 4928 ,-
3263 4829 3382 4910 sed
3450 4833 3679 4910 etiam
3731 4832 3814 4910 in

611 4931 940 5039 malum
991 4936 1605 5046 etprivationem
1655 4931 1969 5012 omnino
2012 4946 2163 5008 non
2264 4928 2605 5031 singulari
2654 4986 2675 5009 .
3466 5007 3475 5015 ,
3577 5033 3610 5109 I

3449 5058 3518 5110 2.
3618 5045 3807 5108 tem.
