4597 5696
822 359 902 415 24

816 456 1083 539 effefflu
1119 516 1135 534 .
1209 453 1446 535 Nulla
1494 455 1727 556 igitur
1793 450 2228 558 compofit'm
2292 457 2368 536 ei

818 561 1159 645 accidere·
1184 555 1427 658 »potest
1461 613 1481 633 .

838 677 848 723 ῖ
907 667 990 745 ’6.
1043 664 1397 740 Praeterea
1443 713 1463 735 .
1516 661 1628 738 ·In
1693 660 1903 738 omni
1970 657 2380 761 compotita

812 762 1102 861 bonum
1152 788 1305 842 non
1355 757 1458 839 est
1509 758 1722 857 hujus
1771 761 1892 840 vel
1945 759 2143 841 illius
2213 787 2376 864 par-

816 867 918 951 tis
962 880 989 964 ’ς
1032 865 1152 944 sed
1202 864 1425 943 totius
1462 887 1503 938 1:-
1566 861 1641 939 8(
1716 862 1885 941 dico
1935 864 2215 942 bonum
2267 862 2370 941 se·

814 968 1141 1050 cundum
1192 964 1401 1043 illam
1438 962 1849 1042 bonitatem
1874 988 2035 1065 quae
2063 964 2165 1044 est
2207 988 2367 1065 pro·

819 1068 983 1171 priiz
1037 1065 1260 1147 totius
1297 1121 1324 1163 ‚
1358 1065 1450 1144 8<
1503 1064 1857 1165 perfeaio
1907 1064 2060 1163 ejus
2097 1095 2131 1140 .:
2188 1090 2365 1144 nam

816 1186 1058 1269 partes
1130 1168 1292 1247 sunt
1360 1164 1802 1264 imperfectae
1872 1164 2194 1267 respefflu
2264 1183 2373 1247 to-

818 1270 1021 1366 tius‚²
1064 1267 1244 1347 ficut
1292 1283 1531 1367 partes
1581 1269 1901 1347 hominis
1976 1294 2126 1349 non
2206 1268 2373 1347 sunt

816 1369 1054 1449 homo
1104 1394 1122 1443 z
1172 1384 1412 1467 partes
1481 1370 1717 1445 enim·
1751 1372 2041 1448 numeri
2110 1368 2369 1447 senarii

819 1495 977 1549 non
1006 1468 1303 1547 habent
1353 1467 1879 1567 perfefflonem
1935 1470 2248 1565 senarii,
2297 1470 2373 1547 8<

822 1569 1161 1649 similiter
1263 1586 1450 1646 artes
1502 1569 1709 1647 lineae
1748 1595 1898 1647 non
1882 1572 2374 1670 „perveniunt

820 1672 917 1748 ad
978 1667 1157 1771 perf
1260 1668 1510 1746 ionem
1586 1672 1932 1749 mensurae
1969 1728 1995 1767 ‚
2063 1698 2223 1772 quae
2291 1672 2373 1747 in

822 1780 983 1851 tota
1036 1769 1235 1847 linea
1286 1768 1659 1849 invenitur
1697 1830 1715 1848 .
1771 1773 1848 1851 Si
1923 1796 2100 1872 ergo
2176 1777 2376 1850 Deus

822 1870 929 1984 εξ(
978 1869 1462 1985 compositu-S,
1513 1871 1908 1986 per-semo,
1958 1875 2032 1951 8<
2086 1874 2374 1951 bonitas

828 1992 987 2069 elus
1037 1995 1328 2072 proprla
1383 1990 1759 2049 1nven1tur
1813 1974 1890 2049 in
1943 1991 2103 2052 toto
2141 1998 2177 2053 ς-
2220 1997 2374 2050 non

824 2087 1079 2149 autem
1131 2072 1209 2145 in
1261 2069 1507 2167 aliqua
1557 2071 1707 2169 ejus
1761 2074 2119 2169 partium3
2156 2073 2226 2147 8<
2280 2072 2376 2149 fic

827 2196 982 2251 non
1032 2169 1172 2248 erit
1224 2170 1304 2245 in
1352 2191 1449 2246 eo
1499 2193 1673 2269 pure
1726 2172 1800 2248 id
1853 2173 2129 2249 bonum
2181 2170 2382 2270 quod

825 2269 934 2351 est
985 2268 1360 2371 proprium
1413 2269 1484 2346 ei
1520 2325 1561 2351 .,
1598 2273 1776 2348 Non
1829 2270 1928 2349 est
1981 2296 2158 2371 ergo
2226 2269 2382 2370 ipse

831 2370 1212 2474 primum,
1262 2368 1336 2446 8<
1392 2370 1760 2447 summum
1814 2374 2126 2450 bonum.

934 2502 1007 2567 7.
1063 2477 1293 2555 Item.
1343 2473 1544 2549 Ante
1593 2471 2141 2557 multitudinem
2170 2496 2377 2570 opor·

825 2585 939 2654 tet
965 2571 1298 2655 invenire
1326 2571 1687 2651 unitatem
1721 2626 1741 2648 .
1772 2576 1860 2652 In
1891 2575 2099 2652 omni
2125 2590 2376 2650 autem

826 2672 1238 2788 composito
1268 2671 1366 2751 est
1391 2671 1826 2753 multitudo.
1885 2675 2120 2790 Igitur
2169 2700 2216 2751 o
2267 2696 2378 2750 or-

830 2790 943 2854 tet
996 2776 1071 2851 1d
1122 2774 1321 2874 quod
1371 2771 1471 2851 est
1522 2791 1692 2853 ante
1740 2800 1995 2855 omma
2025 2830 2051 2872 ‚
2104 2774 2202 2854 sci
2234 2773 2379 2853 icet

825 2879 1082 2960 Deum
1122 2926 1151 2968 ‚
1198 2872 1406 2952 omni
1456 2874 1978 2976 compositione
2028 2898 2271 2955 carere
2301 2931 2324 2953 .

1142 2991 1768 3055 CAPUT
1907 2989 2088 3050 XIX.

867 3073 1048 3159 Quod
1085 3076 1147 3138 e‘n
1187 3076 1306 3137 Deo
1346 3070 1496 3136 m'be'l
1534 3069 1608 3149 el?
1647 3069 1958 3142 violentum
1994 3113 2014 3144 ,
2075 3067 2329 3153 nihilque

1058 3219 1070 3232 ,
1344 3169 1543 3236 preter
1581 3169 1837 3213 naturam
1858 3189 1875 3208 .

986 3276 1054 3355 X
1107 3273 1249 3354 hoc
1299 3287 1547 3352 autem
1599 3266 2051 3348 concluditur
2091 3319 2117 3364 ,
2164 3272 2363 3372 quod

1031 3374 1110 3454 in
1166 3381 1333 3454 Deo
1381 3371 1570 3453 nihil
1622 3367 1850 3470 potest
1903 3369 2041 3445 ess'e
2083 3367 2361 3453 violen.

814 3489 977 3555 tum
997 3531 1024 3573 ‚
1074 3499 1312 3576 neque
1364 3489 1565 3553 extra
1616 3488 1949 3548 naturam
1984 3525 2003 3545 .

928 3603 989 3652 1.
1044 3580 1294 3654 Omne
1348 3576 1553 3653 enim
1605 3571 1682 3649 id
1733 3572 1810 3646 in
1861 3595 2010 3668 quo
2081 3568 2359 3669 aliquid

813 3673 1223 3754 violentum
1244 3723 1271 3768 ‚
1293 3675 1366 3751 δὲ
1420 3688 1674 3771 praeter
1722 3685 2059 3747 naturam
2079 3667 2359 3746 inveni-

813 3787 936 3851 tur
967 3826 993 3868 ,
1047 3772 1326 3872 aliquid
1379 3771 1509 3848 fibi
1532 3768 1859 3845 additum
1903 3767 2157 3844 habet:
2183 3792 2358 3843 nam

806 3873 1008 3973 quo'd
1059 3871 1159 3950 est
1211 3870 1298 3949 de
1323 3868 1706 3948 substantia
1737 3865 1907 3958 rei,
1942 3889 2092 3944 non
2126 3866 2356 3967 potest

810 3973 952 4052 effe
1002 3973 1417 4054 violentum
1435 4025 1463 4067 ,
1496 3991 1632 4046 nec
1670 3981 1923 4065 praeter
1980 3984 2316 4045 naturam
2335 4024 2355 4045 .

910 4063 982 4152 ‘2.
1038 4079 1193 4154 Am
1242 4074 1382 4153 lius
1408 4130 1427 4148 .
1482 4065 1885 4150 Necessitas
1951 4067 2355 4149 emmonis

809 4174 912 4255 est
964 4197 1141 4254 nece
1198 4192 1333 4253 itas
1383 4198 1475 4250 ex
1541 4169 1766 4262 alio.‚
1818 4166 1939 4245 vel
1991 4168 2085 4244 ab
2135 4168 2284 4249 alio
2335 4227 2354 4247 .
2415 4261 2420 4266 ‚

820 4280 908 4357 In
963 4280 1132 4355 Deo
1181 4291 1430 4352 autem
1481 4295 1629 4349 non
1682 4268 1779 4347 est
1832 4268 2199 4347 neceffitas
2262 4294 2355 4349 ex

806 4373 958 4455 aiio
999 4429 1021 4465 ‚
1080 4375 1200 4452 sed
1268 4371 1403 4451 est·
1439 4395 1564 4472 per
1641 4370 1711 4447 se
1765 4369 2000 4467 ipsum
2051 4371 2354 4447 neceffaf-

1456 312 1596 399 nt
1647 328 2231 400 VEMTATE
2282 333 3004 414 cim-nomem
3063 350 3377 417 Fm-ssr

2469 460 2632 539 nit:
2680 486 2856 540 nam
2920 459 3364 540 violentum·
3404 459 3882 543 contrariatur
3948 461 4022 542 ei
4165 514 4176 525 κ

2469 558 2666 661 quo'd
2749 562 2850 640 est
2931 561 3319 639 secundum
3399 580 3735 641 naturam
3788 622 3808 641 .
3880 565 4025 642 Sed

2474 665 2558 742 in
2609 666 2777 743 Deo
2827 689 2979 742 non
3030 661 3132 741 est
3184 659 3510 761 possibile
3552 664 3830 763 aliquid
3880 665 4023 743 esse

2475 780 2735 866 praeter
2787 765 2864 845 id
2915 765 3112 864 quod
3166 763 3559 846 secundum
3610 764 3681 841 se
3731 766 3806 843 ei
3855 792 4024 847 con·

2470 866 2728 964 venit,
2778 891 2954 945 cum
3005 865 3394 943 secundum
3452 862 3528 943 se
3588 863 3675 943 fit
3747 867 4026 947 necess'e

2469 969 2612 1045 effe
2646 1024 2673 1066 ‚
2723 984 2807 1049 ut
2857 965 3218 1065 ostensum
3285 964 3386 1042 est
3437 965 3466 1061 (
3517 988 3670 1064 cap.
3724 993 3946 1045 x111.
4000 966 4031 1065 )

2472 1072 2662 1148 Non·
2710 1067 2939 1171 potest
2990 1067 3216 1167 igitur
3286 1067 3368 1145 in
3419 1088 3511 1147 eo
3560 1068 3701 1147 esse
3751 1067 4031 1168 aliquid

2479 1169 2932 1250 violentum.

2572 1301 2645 1370 4.
2704 1275 2936 1349 Item.
2992 1271 3245 1347 Omne
3285 1268 3364 1346 in
3397 1294 3549 1368 quo
3598 1267 3699 1345 est
3749 1266 4031 1366 aliquid

2471 1373 2883 1451 violentum
2935 1425 2961 1466 ‚
3027 1368 3150 1447 vel
3223 1368 3633 1447 innaturale
3669 1424 3697 1462 ‚
3772 1388 4031 1447 natum

2475 1474 2576 1552 est
2627 1473 2913 1552 moveri
2965 1471 3059 1548 ab
3111 1468 3264 1547 alio
3303 1498 3334 1547 .·
3384 1494 3563 1548 nam
3615 1468 4031 1547 violentum

2474 1573 2575 1652 est
2626 1574 2828 1672 cujus
2881 1569 3326 1672 principium
3407 1567 3508 1648 est
3580 1589 3782 1647 extra
3821 1624 3849 1666 ,
3920 1568 4034 1647 nil

2472 1673 2891 1753 conferente
2946 1672 3104 1749 vim
3185 1672 3377 1771 passo
3418 1727 3438 1748 .
3510 1674 3711 1749 Deus
3779 1688 4032 1749 autem

2475 1775 2575 1853 est
2628 1776 2938 1856 omnino
2990 1772 3399 1851 immobilis
3433 1824 3462 1868 ,
3511 1789 3596 1849 ut
3665 1770 4030 1849 ostensum

2477 1875 2577 1954 est
2629 1878 2656 1975 (
2708 1877 2837 1955 ubi
2891 1874 3040 1971 sup.
3094 1871 3123 1969 )
3177 1871 3412 1972 Igitur
3463 1896 3618 1950 non
3665 1869 3896 1971 potest
3945 1871 4029 1950 in

2475 2001 2567 2055 eo
2634 1979 2774 2152 esse
2842 1971 3122 2071 aliquid
3187 1972 3601 2051 violentum
3632 2026 3661 2068 ‚
3715 1971 3852 2071 *vel
3918 1970 4030 2051 in-

2479 2091 2737 2155 natura
2768 2100 2808 2152 e
2865 2129 2884 2149 .

2806 2231 2862 2294 C
2946 2227 3009 2292 A
3085 2226 3143 2289 P
3228 2227 3288 2290 U
3375 2226 3437 2287 T
3560 2228 3706 2291 XX.

2802 2348 2976 2434 Quod
3025 2351 3174 2410 Deus
3211 2369 3319 2408 non
3357 2344 3431 2424 es!
3470 2362 3659 2429 corpus
3680 2386 3701 2407 .

2479 2471 2712 2660 EX
2788 2464 3142 2570 praedietis
3209 2476 3460 2546 autem
3551 2465 3950 2548 ostenditur
3995 2478 4031 2566 ,⁹

2692 2572 2891 2672 quod
2945 2573 3145 2647 Deus
3197 2594 3350 2646 non
3401 2567 3502 2645 est
3552 2593 3844 2669 corpus.

2591 2701 2649 2751 1.
2704 2674 2958 2759 Omne
3021 2669 3227 2748 enim
3292 2684 3551 2770 corpus
3588 2723 3616 2765 ,
3691 2693 3865 2748 cum
3937 2666 4026 2748 fit

2475 2771 2957 2869 continuum,
3007 2768 3499 2871 compositum
3551 2769 3693 2866 est,
3743 2770 3816 2848 &
3868 2792 4027 2870 par-

2475 2894 2586 2956 tes
2665 2875 2938 2952 habens
2988 2929 3008 2950 .
3087 2877 3289 2951 Deus
3368 2887 3617 2950 autem
3685 2896 3839 2949 non
3918 2868 4022 2947 est

2475 2974 2921 3076 compositus
2957 3027 2984 3069 ‚
3051 2986 3136 3050 ut
3206 2971 3567 3049 ostensum
3632 2968 3732 3047 est
3784 2971 3813 3068 (
3862 2994 4021 3071 cap.

2468 3102 2742 3158 xv111.
2796 3075 2825 3172 )
2881 3071 3118 3172 Igitur
3160 3095 3421 3170 corpus
3470 3097 3622 3149 non
3672 3068 3813 3148 est.

2572 3205 2639 3254 2.
2694 3178 3042 3253 Praeterea
3086 3229 3105 3249 .
3183 3173 3436 3249 Omne
3502 3185 3864 3272 quantum
3912 3166 4020 3248 est

2463 3277 2713 3377 aliquo
2763 3276 2993 3353 modo
3046 3271 3128 3351 in
3174 3271 3506 3371 potentia
3546 3299 3563 3347 ε
3617 3296 3796 3351 nam
3845 3296 4022 3352 con-

2461 3380 2754 3457 tinuum
2805 3374 2905 3453 est
2958 3373 3287 3474 potentia
3336 3372 3704 3451 divisibile
3775 3371 3857 3450 in
3908 3375 4019 3449 in·

2460 3478 2754 3556 finitum
2815 3530 2843 3570 ‚
2923 3497 3267 3552 numerus
3360 3487 3609 3548 autem
3683 3471 3765 3548 in
3852 3469 4017 3548 infi-

2458 3578 2702 3654 nitum
2772 3573 2872 3651 est
2968 3569 3537 3670 augmentabilis
3613 3623 3634 3644 .
3757 3571 4015 3649 Omne

2457 3692 2705 3753 autem
2776 3696 3038 3770 corpus
3111 3667 3216 3746 est
3292 3683 3651 3768 quantum
3692 3723 3715 3742 .
3801 3673 4011 3770 Ergo

2457 3793 2690 3874 omne²
2729 3795 2990 3869 corpus
3042 3769 3142 3848 est
3217 3769 3297 3847 in
3349 3767 3677 3867 potentia
3727 3822 3747 3844 .
3804 3773 4009 3851 Deus

2457 3891 2704 3952 autem
2757 3896 2908 3950 non
2957 3868 3059 3952 est
3111 3869 3193 3946 in
3242 3869 3615 3968 potentia,
3656 3867 3777 3945 sed
3807 3889 4011 3952 actus

2458 3999 2675 4074 purus
2725 4026 2753 4067 .‚
2805 3986 2888 4049 ut
2938 3969 3303 4049 ostensum
3356 3968 3456 4046 est
3512 3971 3541 4068 (
3589 3995 3744 4070 cap.
3772 3972 4011 4072 xvr.)

2458 4079 2664 4173 Ergo
2721 4078 2920 4150 Deus
2970 4097 3121 4152 non
3172 4068 3275 4147 est
3325 4094 3626 4171 corpus.
3991 4141 4006 4149 -

2561 4202 2626 4273 3.
2687 4172 2944 4252 Adhuc
2988 4228 3009 4249 .
3063 4173 3138 4250 Si
3218 4174 3419 4249 Deus
3490 4170 3589 4248 est
3656 4195 3919 4273 corpus
3966 4228 3996 4271 ‚

2453 4288 2742 4374 oportet
2791 4274 2990 4372 quod
3037 4272 3133 4350 sit
3183 4270 3479 4369 aliquod
3552 4297 3812 4370 corpus
3879 4297 4014 4372 na·-

2456 4376 2684 4452 turale
2728 4401 2746 4451 ε
2823 4397 2996 4451 nam
3078 4396 3336 4469 corpus
3390 4371 4002 4453 mathematicum

744 4521 757 4532 -
805 4479 1003 4557 rium
1032 4529 1059 4573 ,
1109 4474 1443 4554 &eausa
1492 4468 1920 4550 necessitatis
1971 4468 2172 4548 aliis.
2207 4470 2354 4570 Igi-
2451 4502 2604 4553 non
2655 4472 2754 4554 est
2807 4497 2934 4572 per
2985 4472 3056 4548 se
3107 4471 3409 4550 existens
3445 4526 3470 4565 ,
3548 4489 3631 4549 ut
3683 4473 4002 4553 Philoso-

804 4595 928 4657 tur
978 4577 1059 4655 in
1113 4569 1205 4653 eo
1256 4573 1444 4651 nihil
1494 4571 1594 4648 est
1644 4567 1981 4650 coaffium
2007 4627 2027 4646 .

2454 4577 2634 4676 phus
2664 4572 2970 4678 probat(
2999 4576 3140 4652 III.
3176 4572 3505 4671 Metaph.
3530 4587 3704 4651 text.
3724 4590 4002 4655 comm.

909 4706 974 4778 3.
1031 4674 1331 4755 Adhuc.
1385 4671 1714 4752 Ubicum
1766 4694 1855 4749 ue
1911 4670 2012 4748 est
2067 4669 2344 4770 aliquid
2444 4702 2665 4754 xv11.
2746 4676 2772 4771 )
2841 4698 2931 4751 eo
3003 4674 3200 4773 quod
3265 4672 3762 4753 dimensiones
3817 4675 4002 4754 acci·

806 4779 1216 4860 violentum
1266 4831 1293 4872 ‚
1368 4772 1476 4852 ibi
1561 4785 1732 4887 pote

1860 4773 1998 4847 effe
2068 4770 2348 4869 aliquid
2446 4777 2692 4854 dentia
2745 4777 2940 4854 sunt.
2996 4777 3213 4853 Non.
3247 4788 3494 4852 autem
3563 4772 3662 4851 est
3730 4799 3995 4874 corpus

802 4899 1059 4987 praeter
1109 4878 1293 4964 illud
1340 4873 1538 4984 quod
1587 4895 1699 4958 ret
1741 4893 1873 4974 per
1941 4870 2014 4952 se
2084 4896 2343 4952 conve·
2445 4877 2773 4961 naturale
2792 4930 2821 4976 ,
2873 4901 3045 4964 cum
3091 4876 3192 4957 sit
3240 4872 3655 4957 immobilis

3696 4928 3728 4975 ’
3778 4892 3995 5059 ¹⁴13.ss
