4597 5696
755 341 870 418 *76

1389 331 1529 399 D'E
1588 327 2176 397 VERITATE
2231 323 2957 394 CATHOLICAE
3013 325 3323 393 FIDEI

742 461 876 516 ens
924 491 950 530 ‚
1023 434 1297 515 necesse
1383 435 1484 514 est
1549 435 1692 515 esse
1745 440 2023 522 bonum
2077 467 2094 515 :
2171 441 2309 518 esse
2413 460 2618 523 tunt.
2678 441 2979 520 Malum
3034 440 3261 539 igitur
3310 464 3461 518 non
3512 438 3732 522 habet
3801 468 3966 524 cau-

737 562 1065 638 namque
1121 536 1328 614 suum
1383 543 1958 653 unumquodque
2028 560 2230 620 amat
2279 597 2307 638 ‚
2412 546 2561 622 sam
2615 569 2744 642 per
2799 544 2921 638 se,
2974 544 3090 622 sed

3235 566 3271 617 r
3312 542 3644 639 accidens
3697 547 3965 625 incidit

732 639 808 717 8<
866 639 1281 718 conservari
1337 659 1657 740 appetit:
1718 640 1999 742 {ignum
2051 661 2306 723 autem
2411 646 2491 723 in
2550 644 2925 725 effectibus
2974 670 3111 723 cau
3144 667 3354 721 arum
3406 699 3425 717 .
3504 646 3684 722 Non
3736 646 3965 745 igitur

727 739 832 817 est
888 741 1062 841 quia
1117 757 1658 841 contrapugnat
1728 748 2305 847 unumquodque
2412 747 2512 825 est
2567 772 2838 849 ponere
2890 770 3122 824 unum
3162 744 3493 845 primum
3510 745 3958 848 principium

734 840 875 920 suae
929 844 1392 943 corruptioni
1448 869 1467 919 τ

729 946 935 1045 quod
986 945 1242 1023 omnia
1309 961 1663 1063 appetunt
1714 1003 1732 1023 .
1811 950 1991 1027 Non
2064 949 2294 1049 potest

1544 846 1820 923 bonum
1881 868 2130 934 autem
2199 849 2303 930 est
2402 850 2747 930 omnium
2801 846 3167 932 malorum
3220 904 3241 924 .

2505 959 2577 1029 8.
2640 956 2830 1029 Item
2860 1008 2881 1027 .
2960 945 3520 1029 Contrariorum
3572 948 3957 1047 agentium

723 1045 964 1145 igitur
1017 1045 1385 1125 distinaio
1465 1074 1543 1126 in
1615 1050 1829 1127 rebus
1908 1054 2298 1151 procedere
2404 1050 2566 1131 sunt
2612 1050 2992 1131 contrariae
3043 1047 3368 1130 afflones
3402 1106 3421 1125 .
3479 1051 3764 1128 Eorum
3817 1050 3956 1149 igi-

731 1149 1075 1227 aduobus
1108 1147 1496 1227 contrariis
1521 1151 2296 1254 principiis‚quorum
2402 1172 2520 1234 tur
2568 1179 2729 1255 quae
2779 1175 3190 1254 perunam
3240 1149 3612 1230 afflonem
3692 1154 3956 1250 produ-

728 1273 965 1330 unum
1021 1250 1107 1329 fit
1158 1252 1484 1345 bonum,
1534 1252 1610 1329 δε
1660 1251 1862 1331 aliud
1933 1256 2217 1334 malum
2267 1311 2289 1334 .

744 1413 748 1419 .
846 1378 908 1448 ς.
969 1354 1235 1430 Adhuc
1288 1408 1306 1426 .
1366 1354 1619 1430 Omne
1696 1379 1919 1453 agens
1969 1358 2127 1457 agit
2180 1357 2287 1436 in·

723 1471 1087 1553 quantum
1121 1452 1217 1531 est
1242 1449 1437 1548 aum
1465 1454 1903 1553 inquantum
1955 1483 2137 1538 vero
2187 1458 2287 1538 est

728 1551 896 1632 acin
943 1608 969 1647 ‚
1021 1552 1119 1631 est
1174 1557 1746 1656 unumquodque
1820 1556 2227 1658 perfeetum
2253 1589 2286 1660 ,-

723 1653 1136 1834 gersefflum
1214 1681 1395 1735 vero
1446 1682 1670 1736 omne
1723 1713 1752 1755 ‚
1838 1659 2283 1762 inquantum

780 1754 1136 1854 ujusmodi
1175 1812 1201 1853 ‚
1253 1760 1532 1838 bonum
1586 1761 1900 1850 dicimus
1954 1820 1972 1838 .
2029 1765 2280 1842 Omne

725 1857 954 1957 igitur
1008 1884 1271 1959 agens,
1326 1862 1765 1961 inquantum
1819 1862 2283 1962 hujusmodi,

727 1960 1012 2038 bonum
1047 1960 1164 2043 est.
1188 1961 1265 2041 Si
1318 1963 1494 2062 quid
1551 1965 1776 2064 igitur
1825 1991 1954 2067 per
2009 1968 2079 2045 se
2133 1993 2283 2046 ma-

723 2060 884 2138 lum
939 2060 1081 2155 est,
1138 2089 1288 2141 non
1338 2066 1604 2163 poterit
1656 2068 1796 2144 esse
1849 2092 2073 2167 agens
2123 2096 2149 2158 ε,
2229 2067 2281 2145 fi

725 2181 976 2239 autem
1048 2161 1146 2238 est
1202 2165 1568 2242 malorum
1639 2168 1965 2266 primum
2016 2168 2282 2269 princi-

726 2261 987 2362 pium,
1038 2281 1328 2360 oportet
1366 2266 1504 2341 effe
1528 2291 1657 2370 per
1711 2267 1780 2342 se
1835 2268 2277 2365 malumne

721 2360 1087 2441 ostensum
1143 2362 1240 2440 est
1278 2424 1300 2441 .
1375 2364 1824 2465 Impoffibile
1876 2367 1976 2445 est
2048 2369 2278 2468 igitur

719 2462 1267 2544 diflinffionem
1297 2467 1375 2544 in
1401 2471 1612 2548 rebus
1682 2472 2017 2555 rocedere
2039 2496 2082 2556 a
2104 2471 2277 2553 duo-

724 2566 864 2645 bus
917 2567 1334 2667 principiis,
1391 2571 1614 2665 bono,
1744 2571 1944 2651 malo
1991 2630 2013 2652 .

742 2690 784 2711 ·’
830 2672 905 2748 6.
966 2671 1350 2769 Amplius·
1406 2672 1483 2751 Si
1504 2698 1726 2750 omne
1749 2698 1920 2769 ens,
1976 2674 2275 2773 inquan-

723 2783 890 2852 tum
942 2768 1403 2870 hujusmodi,
1455 2776 1733 2853 bonum
1787 2774 1941 2868 est3
1992 2777 2276 2855 malum

723 2870 1000 2970 igitur,
1053 2873 1490 2972 inquantum
1572 2875 1670 2954 est
1739 2876 2024 2966 malum
2075 2932 2103 2973 ‚
2175 2879 2274 2957 est

724 2996 880 3051 non
933 2995 1101 3051 ens.
1158 2977 1340 3052 Non
1392 2975 1582 3054 entis
1618 2995 1915 3072 autem,
1967 2978 2270 3079 inquan-

720 3089 888 3152 tum
941 3071 1398 3149 huiusmodi.
1451 3101 1601 3148 non
1654 3077 1753 3148 est
1806 3103 2076 3177 ponere
2106 3105 2270 3164 cau,

728 3170 882 3254 sam
951 3203 961 3250 ε
1811 3205 1981 3282 mne
2045 3204 2275 3281 agens

721 3292 899 3374 agat
953 3276 961 3352 i
1811 3278 1960 3360 istu
2016 3310 2033 3359 :
2115 3282 2273 3380 agit

720 3394 961 3458 autem
1811 3383 2037 3460 limile
2058 3442 2076 3462 .
2105 3387 2273 3462 Ma-

725 3476 786 3557 li
838 3478 961 3579 igi¹
1825 3485 2269 3581 huiusmodi,

722 3603 878 3658 non
929 3604 1030 3660 ert
1079 3614 1354 3680 ponere
1403 3614 1691 3663 caulam
1747 3611 1874 3685 per
1928 3587 1999 3663 se
2051 3612 2268 3687 agen-

724 3695 920 3758 tem:
977 3707 1130 3758 non
1185 3682 1283 3761 est
1334 3683 1560 3782 igitur
1583 3683 1740 3764 fieri
1770 3685 2274 3767 redufflonem

723 3780 1094 3867 malorum
1146 3783 1227 3860 in
1279 3786 1502 3869 unam
1554 3786 1873 3886 primam
1925 3789 2213 3867 causam
2243 3842 2272 3884 ‚

715 3906 882 4064 {luat
951 3906 1080 3984 per
1148 3883 1219 3967 se
1299 3883 1388 3990 fit
1460 3887 1669 3974 causa
1720 3888 2062 3978 omnium
2111 3915 2265 3975 ma·

753 4009 966 4065 orum
1006 4044 1029 4064 .
1768 4024 1769 4027 Ν

826 4115 899 4189 7.
956 4087 1227 4170 Adhuc'
1269 4147 1294 4171 .
1344 4090 1573 4192 Quod
1623 4094 1956 4174 educitur
2012 4109 2272 4196 praeter

716 4186 1218 4272 intentionem
1264 4194 1557 4294 agentis
1580 4248 1607 4290 ‚
1655 4218 1810 4274 non
1864 4197 2082 4276 habet
2105 4221 2269 4274 cau?

2391 1272 2660 1336 cuntur
2694 1308 2721 1350 ‚
2778 1281 2933 1334 non
2987 1254 3151 1333 sunt
3202 1252 3539 1354 ponenda
3590 1252 3953 1352 principia

2390 1357 2793 1437 contraria.
2849 1359 3140 1440 Bonum
3192 1371 3487 1448 autem,
3534 1353 3610 1431 8<
3664 1353 3944 1435 malum

2389 1462 2646 1541 eadem
2695 1457 2994 1544 afflone
3044 1457 3537 1557 producuntur
3590 1482 3608 1527 ε
3685 1457 3968 1551 eadem„

2390 1561 2593 1639 enim
2646 1558 2935 1647 afflone
2987 1583 3176 1662 aqua
3221 1555 3719 1654 corrumpitur
3769 1610 3796 1651 ‚
3864 1558 3938 1635 8<

2387 1687 2511 1740 aer
2559 1678 2947 1761 generatur
2975 1718 2994 1738 .
3052 1661 3235 1739 Non
3287 1658 3447 1742 sunt
3501 1657 3728 1756 igitur
3779 1682 3941 1756 pro-

2387 1782 2547 1866 pter
2597 1761 3091 1841 differentiam
3144 1760 3325 1837 boni
3376 1813 3403 1855 ‚
3478 1759 3550 1835 8<
3618 1759 3798 1837 mali
3854 1759 3937 1837 in

2386 1867 2600 1945 rebus
2684 1864 3070 1981 inventam
3156 1859 3490 1965 ponenda
3574 1859 3975 1963 principia-

2385 1988 2756 2049 contraria
2790 2023 2812 2046 .

2496 2096 2562 2167 9,.
2622 2066 2969 2168 Amplius
3021 2124 3041 2145 .
3115 2066 3342 2163 Quod
3410 2064 3726 2144 omnino
3780 2089 3936 2143 non

2384 2169 2483 2247 est
2537 2225 2564 2265 ‚
2613 2193 2752 2247 nee
2803 2170 3085 2246 bonum
3118 2221 3146 2262 ‚
3215 2190 3351 2244 nec
3421 2165 3705 2244 malum
3753 2164 3854 2240 est
3902 2191 3933 2259 ς

2380 2271 2578 2370 quod
2630 2285 2879 2348 autem
2929 2267 3075 2361 est,
3130 2266 3567 2365 inquantum
3619 2264 3760 2359 est,
3803 2265 3932 2342 bo-

2380 2396 2561 2448 num
2613 2369 2714 2447 est
2766 2424 2795 2464 .‚
2844 2386 2927 2447 ut
2976 2366 3336 2446 ostensum
3388 2366 3488 2443 est
3529 2422 3548 2444 .
3604 2369 3928 2465 Oportet

2379 2472 2610 2570 igitur
2661 2470 2944 2551 malum
2994 2470 3134 2547 effe
3184 2466 3464 2567 aliquid
3486 2466 3929 2565 inquantum

2377 2572 2483 2653 est
2562 2599 2714 2652 non
2794 2593 2922 2653 eus
2981 2627 3000 2649 .
3080 2572 3251 2652 Hoc
3318 2586 3566 2645 autem
3638 2565 3740 2643 est
3792 2585 3921 2644 ens

2378 2675 2789 2775 privatum.
2844 2672 3143 2759 Malum
3175 2669 3445 2783 igitur,
3484 2669 3924 2768 inquantum

2382 2775 2791 2873 huiusmodi
2845 2828 2873 2870 ‚
2939 2771 3039 2853 est
3124 2791 3250 2864 ens
3287 2783 3290 2784 *
3322 2787 3689 2869 privatum
3745 2822 3772 2865 ‚
3846 2766 3925 2845 8<

2379 2879 2614 2980 ipsum
2667 2876 2949 2957 malum
3001 2871 3102 2952 est
3155 2873 3304 2972 ipsa
3354 2869 3718 2972 privatio.
3773 2869 3928 2948 Pri-

2375 2980 2582 3058 vatio
2630 2996 2877 3057 autem
2932 2997 3082 3070 non
3131 2974 3353 3065 habet
3420 2971 3710 3062 causam
3793 2979 3925 3085 per

2379 3081 2450 3167 se
2503 3097 2846 3187 agentem
2896 3130 2925 3172 ‚
2977 3075 3152 3178 quia
3203 3099 3425 3155 omne
3490 3097 3715 3172 agens
3767 3088 3925 3183 agit
4013 3155 4028 3174 Ι

2376 3183 2817 3282 inquantum
2868 3178 3090 3267 habet
3140 3175 3518 3269 sormamt,
3568 3176 3643 3252 8<
3697 3172 3789 3252 lic
3841 3199 3919 3250 o·

2472 3298 2615 3373 rtet
2683 3305 2813 3383 per
2891 3281 2961 3358 se
3030 3275 3374 3369 effeRum
3447 3275 3729 3376 agentis
3780 3276 3920 3358 esse

2427 3386 2647 3461 abens
2700 3381 3017 3469 formam
3073 3436 3099 3477 ‚
3176 3387 3408 3479 quum
3437 3479 3450 3493 ·
3475 3401 3707 3491 agens·
3750 3394 3921 3476 agat

2369 3484 2503 3563 fibi
2558 3484 2792 3563 limile
2824 3537 2854 3581 ‚
2935 3482 3070 3562 nili
3123 3505 3253 3582 per
3304 3480 3634 3568 accidens
3688 3500 3917 3576 impe·

2370 3586 2608 3665 diatur
2636 3643 2653 3662 .
2709 3584 3188 3684 Relinquitur
3230 3581 3465 3676 igitur
3515 3577 3710 3676 quod
3763 3600 3914 3652 ma-

2374 3688 2534 3775 lum
2587 3713 2737 3765 non
2790 3687 3011 3763 habet
3061 3680 3347 3759 causam
3398 3677 3650 3790 pense
3702 3699 3917 3790 agen.

2375 3806 2529 3868 tem
2578 3842 2606 3883 ‚
2673 3788 2791 3865 sed
2862 3782 3122 3863 incidit
3205 3801 3335 3878 per
3419 3777 3753 3854 accidens
3834 3802 3915 3861 ιη
3983 3818 3988 3824 ·

2368 3887 2743 3970 effee‘cibus
2793 3885 3165 3966 causarum
3217 3903 3345 3979 per
3397 3877 3468 3956 se
3512 3877 3915 3981 agentium,

2370 3995 2555 4073 Non
2608 3988 2708 4068 est
2756 3988 2785 4064 i
2843 3987 2991 4064 itur
3053 4007 3291 4062 unum
3358 3980 3687 4081 primum
3740 4032 3766 4073 ‚
3834 3979 3912 4057 8(

2372 4117 2501 4197 per
2549 4091 2621 4168 se
2672 4113 2795 4180 ma
2824 4111 3036 4166 orum
3061 4082 3549 4186 principium3
3603 4080 3719 4187 sed
3771 4102 3914 4178 pri-

2371 4218 2584 4272 mum
2634 4189 2974 4270 omnium
3026 4184 3473 4302 principium
3526 4179 3625 4259 est
3678 4205 3911 4260 unum

721 4285 876 4366 sam
924 4313 1058 4388 Per
1110 4293 1228 4388 se,
1279 4294 1398 4374 sed
1448 4322 1580 4396 per
1621 4297 1961 4378 accidens
2010 4352 2037 4393 ‚
2089 4296 2268 4385 ficut
2362 4294 2696 4396 primum
2743 4293 3047 4371 bonum·
3083 4341 3111 4383 ‚
3159 4313 3242 4365 m
3292 4310 3499 4383 cuqus
3534 4280 3920 4400 effec'tibus

714 4413 889 4468 cum
936 4391 1103 4490 quis
1157 4393 1443 4477 invenit
1490 4398 1912 4486 thesaurum
1980 4398 2263 4477 fodiens
2357 4392 2835 4493 consequitur
2887 4389 3180 4469 malum.
3214 4411 3349 4488 per
3396 4387 3733 4464 accidens
3785 4435 3811 4458 .

712 4492 811 4571 ad
854 4491 1341 4591 plantandum
1365 4555 1383 4575 .
1441 4500 1577 4580 Sed
1615 4502 1911 4586 *malum
1935 4500 2055 4602 ‘in‘
2088 4495 2260 4575 effe»

649 4626 655 4633 ·
713 4588 844 4672 &u
892 4592 1146 4694 aliquo
1196 4621 1347 4676 non
1401 4600 1630 4696 potest
1682 4600 2073 4702 provenire
2123 4597 2260 4678 nisi

2471 4497 2675 4577 Hinc
2727 4493 2827 4572 est
2868 4493 3076 4595 quod
3130 4489 3258 4570 Isa.
3305 4488 3461 4581 xlv,
3503 4492 3573 4565 6.
3628 4484 3915 4569 dicitur:

2366 4608 2527 4699 Ego
2609 4593 2974 4678 Dominus
3025 4646 3054 4686 ‚
3125 4593 3229 4682 Φ*
3321 4619 3467 4668 non
3534 4587 3654 4686 est·
3722 4586 3945 4666 alter.

715 4712 977 4794 praeter
1030 4696 1523 4776 intentionem
1590 4704 1875 4800 agemis
1925 4757 1953 4799 ,
2024 4725 2262 4803 quum
2369 4705 2569 4780 Deus
2588 4729 2625 4801 ‚·
2662 4694 3001 4798 formans
3053 4693 3334 4788 lucem,
3381 4692 3480 4770 <9⁸
3533 4715 3780 4769 creans
3815 4708 3920 4766 te,-

713 4819 937 4873 omne
982 4821 1211 4897 agens
1260 4799 1556 4901 aliquod
1592 4803 1869 4881 bonnm
1909 4805 2263 4918 intendat:
2369 4805 2623 4881 nehras
2679 4832 2721 4894 ;
2757 4795 3045 4897 faciens
3091 4814 3349 4896 pacem
3399 4845 3426 4886 ‚
3460 4794 3589 4870 (θ’
3621 4841 3624 4844 -
3657 4810 3915 4870 creans

715 4896 997 4980 bonum
1048 4899 1254 4981 enim
1307 4899 1407 4996 est
1455 4903 1657 5006 quod
1723 4926 1978 4985 omma
2051 4930 2265 5013 appe·
2366 4901 2693 4988 matum:
2744 4926 2875 5003 ego
2927 4897 3294 4986 Dominus
3321 4888 3613 4997 faciens
3657 4889 3916 5074 onzbt‘teig
