4597 5696
1306 398 1901 464 CONTRA
1982 390 2726 464 GENTILES
2812 386 3197 457 L1'‘13.11.

671 500 1145 594 intrinsecum
1195 494 1347 599 rei,
1396 502 1519 581 vel
1537 501 1642 581 est
1690 516 1846 581 tota
1887 501 2221 597 essentia,

670 614 793 693 vel
844 634 1006 715 pars
1056 606 1435 689 essentiae.-
1468 601 1696 703 Quod
1744 617 1996 682 autem
2047 601 2220 683 desi-

721 718 881 794 nat‘
900 712 1175 814 aliquid
1224 706 1720 806 defignatione
1738 776 1755 795 ,
1780 702 2145 785 essentiali
2195 758 2224 802 ,

740 817 846 895 cit
896 840 1053 891 rem
1104 810 1253 890 esse
1303 826 1523 902 actu,
1599 807 1672 885 8<
1723 807 1830 885 est
1884 805 2217 886 intrinse-

664 939 840 999 cum
892 916 999 992 rei
1052 912 1469 1013 designat'ae:
1520 908 1700 986 alias
1752 931 1881 1008 per
1932 909 2008 987 id
2041 908 2212 987 defi-

664 1018 889 1119 gnari
930 1038 1097 1093 ‚non
1147 1012 1385 1114 posset
1437 1010 2035 1089 substantialiter.
2096 1014 2226 1087 Er·

658 1143 763 1216 go
838 1131 1127 1221 oportet
1175 1116 1372 1215 quod
1426 1109 1509 1191 fit
1557 1111 1679 1190 vel
1731 1110 1884 1211 ipsa
1922 1111 2227 1207 essentia

672 1218 835 1315 rei,
881 1218 1004 1298 vel
1056 1223 1216 1321 pars
1264 1210 1822 1330 essentia-Sed
1874 1211 1923 1289 si
1948 1213 2228 1391 aliquid

674 1321 1165 1421 superadditur
1234 1319 1329 1397 ad
1390 1316 1542 1394 esse
1593 1314 1934 1393 divinum
1984 1368 2011 1411 ,
2137 1338 2227 1394 oe

671 1447 827 1501 non
877 1437 1114 1535 potest
1178 1420 1334 1499 esse
1383 1432 1540 1497 tota
1615 1416 1921 1497 essentia
2000 1416 2153 1495 Dei
2198 1470 2227 1512 ,

669 1525 843 1625 quia
896 1547 1041 1621 jam
1094 1520 1463 1601 ostensum
1513 1518 1621 1597 est
1667 1520 1697 1617 (
1747 1544 1904 1617 cap.
1956 1543 2095 1597 xx1
2118 1517 2227 1614 ι.)

722 1626 866 1702 uod
918 1624 1063 1702 esse
1121 1622 1265 1702 Dei
1318 1646 1470 1698 non
1537 1620 1644 1697 est
1718 1620 1920 1697 aliud
1972 1622 2067 1697 ab
2120 1620 2219 1696 es·

700 1725 899 1804 entia
950 1723 1105 1819 ejus
1156 1780 1175 1798 .
1250 1721 1726 1817 Relinquitur
1804 1744 1981 1816 ergo
2030 1720 2228 1818 quod

668 1826 758 1905 fit
809 1850 971 1927 pars
1022 1821 1339 1902 essentiae
1394 1821 1694 1897 divinae:
1748 1821 1820 1897 8<
1874 1822 1968 1897 lic
2027 1824 2226 1897 Deus

674 1927 816 2005 erit
866 1923 1306 2040 compositus
1376 1945 1466 2000 ex
1518 1920 1842 2021 partibus
1895 1919 2224 1999 essentia·

675 2025 890 2121 liter,
938 2047 1147 2121 cums
1194 2020 1647 2101 contrarium
1714 2021 1920 2121 supra
1989 2023 2017 2120 (
2071 2046 2223 2121 cap.

666 2153 941 2207 xvrrr.
996 2124 1024 2222 )
1073 2121 1435 2205 ostensum
1484 2121 1632 2199 est.
2214 2146 2246 2177 ο

775 2248 849 2325 4.
908 2229 1134 2304 Item.
1187 2222 1415 2322 Quod
1486 2220 1773 2299 additur
1837 2220 2057 2299 alicui
2131 2223 2221 2299 ad

660 2324 1239 2426 designationem
1317 2320 1626 2419 alicujus
1726 2320 2220 2421 designatione

666 2426 1028 2508 essentiali
1083 2482 1109 2521 ,
1160 2448 1311 2502 non
1362 2420 1740 2501 constituit
1792 2422 1944 2520 ejus
1997 2424 2215 2502 ratio-

662 2550 888 2623 nem,
963 2529 1081 2604 sed
1133 2526 1364 2603 solum
1416 2525 1560 2602 esse
1614 2524 1693 2602 in
1747 2542 1950 2603 actu:
2004 2526 2219 2604 ratio·

668 2631 836 2715 nale
891 2629 1096 2705 enim
1144 2626 1475 2703 additum
1522 2624 1833 2703 animali
1908 2628 2220 2726 acquirit

664 2729 972 2824 animali
1027 2728 1172 2811 esse
1224 2727 1306 2803 in
1327 2742 1537 2816 actu,
1589 2751 1738 2803 non
1772 2744 2023 2804 autem
2050 2750 2218 2806 con-

666 2830 906 2912 stituit
986 2829 1352 2908 rationem
1430 2825 1774 2907 animalis
1814 2883 1839 2923 ,
1912 2828 2217 2929 inquan-

670 2948 835 3011 tum
886 2930 989 3007 est
1039 2930 1359 3022 animal,
1409 2949 1583 3004 nam
1628 2929 2036 3008 differentia
2072 2957 2225 3014 non

670 3031 904 3110 intrat
955 3030 1494 3108 deffinitionem
1567 3031 1851 3128 generis
1888 3088 1906 3107 .
1976 3034 2116 3112 Sed
2167 3032 2221 3108 si

667 3131 752 3212 in
807 3137 972 3209 Deo
1020 3132 1322 3207 addatur
1377 3131 1653 3227 aliquid
1706 3158 1831 3230 per
1855 3134 2051 3231 quod
2103 3135 2220 3212 de.

665 3232 986 3332 fignetur
1028 3229 1520 3327 'designatione
1565 3231 1965 3325 essentiali,
2015 3260 2222 3334 opor·

668 3348 778 3411 tet
830 3333 1027 3432 quod
1080 3329 1261 3407 illud
1310 3329 1699 3408 constituat
1750 3334 1815 3407 ei
1857 3333 1976 3409 cui
2029 3337 2222 3412 addi-

663 3447 784 3513 tur
810 3488 836 3528 ,
888 3430 1269 3524 rationem
1303 3429 1609 3530 propria:
1663 3428 1814 3524 ejus
1863 3432 2220 3531 quiddita-

660 3533 982 3656 ruffe}
1032 3541 1350 3610 naturae:
1406 3554 1580 3605 nam
1632 3534 1828 3630 quod
1882 3533 1975 3610 fic
2027 3533 2221 3613 addi-

632 3632 1200 3810 ειπςνῦιᾜιπιῑ
1252 3631 1357 3710 rei
1412 3630 1558 3708 esse
1631 3633 1712 3708 in
1762 3651 1928 3711 actu
1972 3690 1988 3709 .
2048 3636 2219 3714 Hoc

654 3725 981 3828 ailitem,
1034 3731 1281 3811 eilicet
1334 3732 1476 3809 esse
1528 3730 1611 3809 in
1645 3751 1858 3827 actu,
1915 3735 2018 3812 est
2069 3737 2219 3837 ipsa

658 3831 917 3914 'divina
968 3834 1313 3927 essentia,
1362 3853 1445 3911 ut
1486 3833 1691 3933 supra
1742 3836 1769 3932 (
1796 3860 2106 3935 cap.xx1
2131 3837 2218 3935 1.)

660 3936 1022 4016 ostensum
1075 3935 1214 4012 est.
1270 3935 1745 4034 Relinquitur
1795 3961 1973 4035 ergo
2020 3942 2219 4038 quod

668 4031 877 4135 supra
929 4035 1269 4113 divinum
1323 4039 1468 4112 esse
1520 4037 1711 4115 nihil
1787 4040 2000 4136 poffit
2050 4041 2217 4118 addi

654 4139 865 4248 quod
888 4133 1463 4250 designetipsum
1482 4139 1972 4252 designatione
1992 4140 2217 4218 essen-

663 4236 869 4334 nali,
918 4236 1108 4315 sicut
1163 4235 1577 4315 differentia
1599 4239 1936 4340 designat
1963 4266 2211 4340 genus.

932 4393 988 4456 c
1068 4394 1130 4455 A
1217 4395 1265 4456 P
1350 4397 1410 4461 u
1496 4369 1557 4460 ι’·
1717 4400 1928 4461 xxv.

822 4511 1004 4596 Quod
1038 4516 1194 4574 Deus
1234 4537 1338 4576 non
1371 4519 1445 4594 fit
1486 4522 1549 4580 in
1587 4520 1778 4601 aliquo
1812 4541 2007 4600 genere
2030 4563 2050 4585 .

831 4632 895 4711 X
954 4630 1095 4711 hoc
1143 4649 1391 4712 autem
1443 4639 1531 4715 de
1582 4642 1989 4721 necestitate
2039 4629 2208 4720 con-

873 4732 1239 4829 cluditur,
1291 4739 1487 4836 quod
1539 4743 1739 4820 Deus
1788 4769 1938 4822 non
1987 4744 2083 4821 sit
2129 4742 2207 4821 in

657 4833 908 4935 aliquo
958 4859 1221 4934 genere
1246 4893 1263 4912 .

648 5059 661 5066 -
764 4960 831 5032 1..
879 4936 1086 5022 Nam
1137 4962 1362 5020 omne
1410 4939 1609 5043 quod
1673 4942 1777 5022 est
1825 4942 1905 5022 in
1954 4943 2204 5045 aliquo

3794 416 3885 481 35·

2327 520 2640 600 genere,
2692 499 2914 581 habet
2936 496 3218 599 aliquid
3272 500 3353 579 in
3408 501 3479 581 se
3575 528 3652 583 er
3702 508 3901 606 quod

2325 619 2586 680 natura
2636 602 2924 703 generis
2976 600 3401 699 designetur
3558 609 3895 706 speciem:

2331 702 2522 782 nihil
2573 705 2780 782 enim
2843 704 2951 782 est
3022 701 3103 780 in
3151 723 3422 800 genu-e
3498 710 3697 809 quod
3749 734 3899 789 non

2318 806 2417 885 sit
2469 802 2550 883 in
2591 804 2845 906 aliqua
2898 804 3052 902 ejus
3103 804 3380 903 specie.
3442 811 3613 889 Hoc
3632 825 3898 893 autem

2319 907 2401 984 in
2458 910 2623 987 Deo
2674 908 2778 986 est
2829 905 3274 1007 impossibile
3313 961 3343 1002 ,
3392 924 3478 988 ut
3529 912 3894 991 ostensum

2330 1006 2438 1085 est
2507 1008 2536 1106 (
2585 1032 2741 1109 cap.
2813 1007 3106 1110 praeced.
3161 1006 3188 1103 )
3273 1011 3718 1109 Impoffibile
3788 1014 3894 1094 est

2329 1104 2560 1209 igitur
2613 1113 2861 1196 Deum
2913 1109 3069 1189 esse
3112 1108 3195 1216 in
3246 1109 3498 1210 aliquo
3548 1137 3814 1212 genere
3863 1171 3886 1193 .

2443 1239 2509 1296 2,
2567 1211 2954 1311 Amplius.
3009 1211 3088 1291 Si
3143 1214 3348 1290 Deus
3393 1213 3495 1291 sit
3544 1215 3625 1291 in
3676 1239 3897 1314 gene-

2329 1336 2452 1408 re,
2504 1328 2631 1391 aut
2680 1314 2784 1391 est
2835 1316 2917 1390 in
2959 1334 3228 1414 genere
3277 1313 3676 1395 accidentis
3707 1370 3737 1412 ,
3767 1333 3896 1398 aut

2321 1414 2411 1493 -in
2463 1436 2729 1513 genere
2781 1414 3186 1494 substantia:
3225 1470 3270 1515 ,ι
3307 1418 3395 1493 In
3445 1440 3718 1516 genere
3772 1444 3889 1498 ac·

2327 1515 2636 1596 cidentis
2687 1538 2840 1594 non
2891 1512 3037 1593 est:
3088 1514 3426 1596 accidens
3475 1520 3682 1597 enirn
3730 1543 3888 1601 non

2333 1620 2572 1717 potest
2648 1616 2793 1696 esse
2869 1615 3194 1715 primum
3269 1641 3401 1695 ens
3438 1672 3465 1711 ,
3516 1621 3588 1697 8:
3639 1623 3889 1721 prima

2327 1719 2537 1795 causa
2560 1771 2580 1791 .
2637 1721 2726 1795 In
2778 1738 3041 1814 genere
3095 1717 3324 1792 etiam
3368 1718 3770 1799 substantiae
3795 1723 3895 1798 es·

2330 1817 2399 1891 se
2453 1841 2605 1893 non
2656 1817 2945 1914 potest:
3033 1817 3210 1913 quia
3284 1818 3679 1898 substantia
3781 1846 3889 1900 uae

2329 1916 2434 1999 est
2483 1938 2756 2014 genua,
2808 1940 2959 1994 non
3012 1920 3118 1993 est
3168 1915 3403 2015 ipsum
3457 1920 3656 1999 esse:
3710 1922 3894 2001 aias

2328 2019 2572 2094 or'nnis
2625 2016 3012 2095 substantia
3065 2015 3248 2096 esset
3295 2019 3445 2117 esse
3491 2022 3756 2118 suum,
3805 2024 3884 2102 Bt

2321 2117 2428 2195 sic
2480 2140 2633 2194 non
2684 2119 2864 2195 esset
2908 2121 3284 2196 causatum
3336 2121 3431 2197 ab
3472 2123 3664 2214 alio,
3713 2145 3888 2202 cum

2325 2218 2518 2296 ratio
2566 2218 2857 2317 generis
2884 2218 3194 2297 salvetur
3241 2219 3326 2299 in
3350 2224 3699 2303 omnibus
3720 2248 3886 2325 qua

2323 2318 2451 2396 sub
2504 2341 2772 2418 genere
2823 2320 3343 2419 continentur,
3399 2325 3474 2403 8<
3524 2325 3631 2405 sic
3683 2327 3886 2405 nulla

2323 2418 2712 2499 substantia
2763 2421 2942 2499 esset
2988 2424 3275 2505 causata
3323 2426 3420 2502 ab
3439 2426 3636 2520 alio,
3687 2430 3891 2527 quod

2322 2521 2471 2599 esse
2550 2547 2702 2600 non
2773 2523 3008 2623 potest
3051 2576 3077 2618 ,
3131 2543 3213 2602 ut
3279 2543 3480 2624 patet
3530 2552 3620 2606 ex
3671 2529 3886 2608 dictis

2320 2622 2351 2717 (
2404 2647 2558 2721 cap.
2610 2646 2832 2700 χιιι.
2884 2625 2958 2700 8<
3011 2624 3178 2721 xv.)
3231 2628 3432 2704 Deus
3484 2645 3731 2705 autem
3773 2629 3882 2708 est

2322 2722 2561 2820 ipsum
2634 2724 2779 2800 esse
2823 2778 2844 2799 .
2925 2723 3160 2823 Igitur
3233 2749 3386 2804 non
3464 2729 3570 2806 est
3619 2727 3700 2805 in
3749 2725 3882 2807 ali·

2325 2841 2479 2923 quo
2530 2846 2801 2924 genere
2834 2882 2858 2902 .
2997 2924 3015 2940 ν
3171 2928 3189 2943 “
3456 2930 3474 2947 ·

2329 2930 2748 3104 seciinciiffi
2786 2923 3267 3109 ὲῑὲωὲῗὲζῗι
3297 2929 3435 3109 egi)
3452 2954 3676 3112 “ingig
3678 2953 3882 3134 '¹312

2324 3125 2405 3204 in
2455 3129 2719 3206 eodem
2772 3152 3040 3228 genere
3109 3131 3330 3211 sunt:
3403 3131 3581 3212 alias
3652 3158 3883 3234 genus

2326 3230 2418 3305 de
2468 3229 2796 3329 pluribus
2849 3256 3001 3308 non
3051 3233 3586 3331 praedicaretur.
3643 3239 3884 3338 Opor-

2325 3344 2434 3406 tet
2481 3347 2730 3407 autem
2782 3333 3034 3408 omnia
3085 3357 3246 3430 quae
3300 3335 3381 3412 in
3432 3338 3691 3414 eodem
3751 3362 3875 3436 ge·

2323 3450 2497 3505 nere
2549 3430 2711 3508 sunt
2736 3483 2764 3526 ,
2816 3431 2895 3507 in
2925 3434 3326 3530 quidditate
3368 3438 3654 3534 generis
3704 3462 3874 3515 con·
3925 3475 3931 3481 ·

2321 3529 2574 3606 venire
2627 3585 2653 3625 ,
2729 3531 2904 3630 quia
2979 3536 3068 3611 de
3120 3538 3464 3617 omnibus
3515 3561 3740 3638 genus
3792 3539 3872 3617 in

2324 3631 2515 3728 quod
2567 3631 2748 3745 quid
2799 3630 2902 3730 est
2955 3634 3376 3732 praedicatur
3420 3695 3440 3715 .
3512 3640 3679 3716 Esse
3735 3639 3870 3740 igi·

2320 3750 2439 3809 tur
2488 3733 2874 3828 cujuslibet
2943 3735 3024 3811 in
3095 3760 3362 3834 genere
3428 3740 3797 3820 existentis
3846 3793 3877 3838 ,

2320 3834 2425 3930 est
2476 3851 2731 3934 praeter
2780 3838 3066 3935 generis
3116 3839 3598 3937 quidditatem
3624 3899 3642 3917 .
3702 3845 3872 3921 Hoc

2317 3950 2565 4013 autem
2618 3934 2698 4012 in
2756 3941 2920 4014 Deo
2973 3937 3420 4038 impossibile
3472 3939 3613 4019 est.
3669 3946 3873 4022 Deus
3954 3994 3958 3998 —

2323 4035 2551 4134 igitur
2602 4037 2680 4112 in
2732 4061 2999 4136 genere
3054 4064 3205 4116 non
3257 4040 3395 4118 est.
3865 4091 3868 4094 -

2423 4163 2493 4234 4
2550 4139 2893 4237 Amplius
2918 4193 2935 4212 .
2995 4138 3594 4242 Unumquodque
3644 4141 3868 4223 collo-

2313 4252 2519 4315 catur
2589 4236 2670 4315 in
2741 4261 3006 4337 genere
3071 4261 3203 4338 per
3295 4241 3658 4320 rationem
3728 4245 3865 4354 sua}

2312 4338 2738 4437 quidditatis
2788 4365 2812 4433 3
2863 4362 3090 4438 genus
3141 4355 3387 4419 autem
3439 4344 3868 4442 praedicatur

2314 4439 2394 4515 in
2448 4440 2638 4537 quod
2688 4439 2870 4538 quid
2919 4436 3055 4538 est.
3112 4442 3251 4520 Sed
3303 4444 3668 4550 quidditas
3711 4447 3866 4525 Dei

2312 4541 2416 4617 est
2465 4539 2701 4641 ipsum
2752 4540 2958 4618 suum
3010 4542 3196 4639 esse,
3249 4543 3637 4624 secundum
3660 4549 3862 4646 quod

2311 4662 2463 4719 non
2513 4641 2912 4720 collocatur
2932 4641 3211 4744 aliquid
3238 4645 3318 4724 in
3344 4669 3652 4746 genere,
3732 4648 3860 4730 uia

2310 4742 2415 4820 sic
2466 4764 2594 4820 ens
2645 4743 2823 4822 esset
2872 4765 3100 4843 genus
3131 4798 3158 4839 ‚
3225 4749 3426 4849 quod
3493 4748 3686 4848 signi
3743 4766 3866 4829 cat

2308 4841 2542 4943 ipsum
2599 4843 2744 4922 esse
2779 4899 2798 4921 .
2855 4845 3340 4947 Relinquitur
3415 4873 3594 4950 ergo
3661 4851 3862 4947 quod

2307 4948 2508 5025 Deus
2554 4971 2708 5026 non
2758 4945 2961 5028 sitin
3001 4971 3267 5056 genere
3286 5003 3307 5024 .
3359 4949 3585 5049 Quod
3606 4967 3854 5028 autem

3085 5049 3159 5126 E
3262 5069 3381 5125 ι’
3717 5071 3853 5130 ens
