4597 5696
740 556 1022 661 cipium
1073 559 1295 638 totius
1368 560 1680 641 scientiae

2396 580 2548 640 tem
2610 568 2729 640 An
2780 646 2805 665 ..
2979 564 3089 644 lus
3141 566 3423 644 excedit
3489 566 3948 649 intellec‘ium

738 362 782 423 4
1359 307 1498 413 ms
1561 348 2171 430 VER1TAT1-2,
2224 351 2800 426 CATHOLIC
2991 360 3310 427 From

841 456 1196 534 Probatur
1247 459 1490 558 primo
1527 519 1545 538 .
1599 466 1821 564 Cunj
1847 462 2047 540 enim
2102 465 2291 564 prin·
2393 356 3012 783 rationes*
3068 463 3292 562 potest
3317 493 3333 537 z
3393 463 3952 548 intefles’cusau-

1746 562 1969 742 gnam
2022 565 2114 641 de
2162 567 2290 645 ali·

1764 684 1830 758 ‚t
1882 666 2292 747 mtellessus

740 683 886 756 qua
937 678 1015 734 re
1067 659 1255 738 ratio
1305 663 1612 762 percipit
1647 718 1676 757 ,

739 757 1143 837 substanti-a:
1194 761 1454 861 ipfius,
1506 789 1600 842 eo

737 857 1146 939 doctrinam
1167 863 1585 964 Philosophi
1624 865 1650 962 (
1691 867 1946 945 Poster.
1976 872 2067 947 ΙΙ.
2123 887 2296 948 text.

740 985 1011 1038 comm.
1076 989 1106 1038 1
1130 991 1186 1038 1.
1240 964 1269 1060 )
1339 966 1969 1047 demonstrationis
2037 970 2297 1069 princi-

739 1060 949 1160 pium
1001 1060 1099 1139 est
1151 1067 1346 1163 quod
1380 1067 1556 1165 quid
1588 1067 1725 1161 est,
1780 1086 2068 1168 oportet
2101 1073 2296 1170 quod

744 1162 1134 1240 secundum
1188 1170 1493 1244 modum
1548 1194 1698 1267 quo
1750 1169 2134 1250 substantia
2187 1172 2290 1249 rei

732 1262 1228 1361 intelligitur,
1283 1266 1369 1344 fit
1406 1291 1661 1345 eorum
1700 1273 1956 1350 modus
2008 1299 2164 1370 quae
2207 1273 2296 1352 de

739 1387 820 1440 re
875 1365 1004 1469 illa
1071 1368 1606 1462 cognoscuntur
1639 1427 1656 1446 .
1715 1372 1931 1449 Unde
1988 1373 2032 1449 sn
2089 1374 2295 1451 intel-

734 1461 972 1542 lec'tus
1038 1465 1400 1549 humanus
1450 1468 1751 1567 alicujus
1828 1473 1935 1550 rei
1991 1473 2296 1552 substan-

738 1564 924 1642 tiam
952 1569 1554 1671 comprehendit,
1605 1591 1778 1671 puta
1816 1573 2122 1673 lapidis,
2173 1576 2297 1653 vel

736 1666 1151 1764 trianguli,
1219 1670 1506 1747 nullum
1573 1672 2156 1772 intelligibilium
2211 1677 2292 1753 il-

730 1765 879 1844 lius
943 1767 1048 1845 rei
1119 1766 1537 1851 facultatem
1608 1774 1940 1853 humanae
1992 1776 2291 1857 rationis

733 1870 1033 1946 excedet
1069 1926 1090 1946 .
1161 1874 1380 1969 Quod
1450 1874 1750 1972 quidem
1817 1876 2029 1955 nobis
2097 1879 2288 1958 circa

736 1971 987 2048 Deum
1042 1996 1192 2050 non
1242 1973 1558 2052 accidit:
1610 2002 1785 2054 nam
1836 1979 1925 2055 ad
1980 1978 2285 2057 substan·

733 2069 921 2148 tiam
972 2070 1186 2168 ipsius
1238 2075 1664 2171 capiendam
1704 2077 2114 2156 intellefflus
2167 2080 2292 2157 hu-

731 2193 994 2250 manus
1048 2195 1198 2248 non
1231 2174 1459 2272 potest
1496 2177 1805 2253 naturali
1835 2176 2104 2254 virtute
2140 2203 2291 2277 per-

733 2270 1062 2368 tingere,
1113 2297 1285 2350 curn
1320 2274 1727 2354 intelleRus
1768 2274 2031 2374 nostri,
2052 2278 2293 2359 secun-

730 2371 915 2448 dum
968 2374 1271 2451 modum
1323 2374 1692 2474 praefentis
1737 2378 1903 2455 vitae
1941 2432 1969 2474 ,
2042 2380 2295 2479 cogni·

725 2470 845 2549 tio
893 2498 936 2549 a
991 2473 1189 2552 sensu
1242 2475 1583 2577 incipiat.
1643 2481 1744 2557 Et
1793 2477 1960 2558 ideo
2009 2504 2095 2559 ea
2131 2507 2290 2582 quae

726 2572 814 2654 in
867 2573 1147 2653 sensum
1200 2602 1348 2655 non
1400 2579 1669 2657 cadunt
1705 2634 1733 2674 ‚
1800 2605 1953 2659 non
2006 2586 2290 2683 pofl'unt

594 2757 604 2765 ,
730 2673 1063 2755 humano
1130 2676 1512 2758 intellectu
1585 2679 1815 2780 capi,
1866 2679 1996 2759 nist
2031 2702 2294 2800 ’quate-

732 2799 872 2854 nus
924 2800 1014 2856 ex
1088 2780 1397 2860 sensibus
1464 2805 1722 2861 eorum
1773 2782 2103 2883 cognitio
2152 2785 2298 2865 col-

733 2875 994 2973 ligitur
1035 2934 1052 2953 .
1108 2881 1488 2959 Senfibilia
1540 2904 1787 2959 autern
1837 2887 1929 2959 ad
1980 2886 2123 2965 hoc
2170 2890 2293 2967 du·

732 2998 899 3055 cere
952 2976 1063 3055 int
2033 2990 2294 3068 ›offunt

728 3093 821 3156 ut
894 3076 976 3155 in
1025 3103 1063 3154 e
2033 3089 2291 3167 deatur

729 3177 913 3278 quid
967 3178 1052 3258 fit
2033 3188 2109 3267 sae
2146 3189 2288 3266 vir-

731 3296 971 3358 tutem
1019 3308 1063 3359 n
2040 3307 2286 3368 tamen

730 3403 824 3459 ex
892 3380 1063 3459 senfi
2033 3387 2138 3467 ler
2206 3391 2286 3470 in

730 3483 1063 3563 divinam
2033 3492 2289 3582 [noscat

731 3587 825 3664 de
880 3590 1046 3663 Deo
1097 3617 1266 3687 qula
1319 3617 1416 3664 e1t
1453 3643 1479 3682 ,
1546 3617 1618 3666 oc
1671 3617 1815 3665 aua
1867 3593 2278 3679 numsmodi

729 3710 894 3785 quae
945 3706 1231 3783 oportet
1281 3688 1577 3765 attribui
1612 3689 1856 3787 primo
1900 3690 2281 3787 principio.

733 3789 922 3864 Sunt
986 3786 1209 3883 igitur
1280 3789 1610 3879 quaedam
1698 3788 2281 3886 intelligibilium

727 3885 1039 3966 divinon
1809 3887 2068 3966 rationi
2122 3890 2283 3968 sunt

728 3987 1039 4089 pervia3
1809 4014 1904 4065 [τε
1972 3990 2282 4071 omnino

730 4087 893 4169 vim
947 4087 1039 4164 hu
1809 4091 2076 4169 redunt.

836 4216 904 4267 2..
959 4193 1039 4268 A«
1810 4192 1995 4270 lium
2047 4192 2279 4292 gradi-

733 4293 867 4370 bus
917 4290 1039 4368 ide
1809 4316 1827 4369 ε
1865 4351 1884 4368 .
1940 4296 2282 4372 Duorum

730 4393 933 4470 enim
1041 4457 1267 4471 ψη...
1354 4457 1533 4473 .......,
1562 4457 1708 4473 ...ψ
1762 4418 1919 4472 ‚em
1955 4394 2280 4494 aliquam

730 4492 984 4571 intelle
1061 4519 1108 4570 u
1159 4495 1487 4573 subtilius
1538 4495 1861 4574 intuetur
1904 4551 1931 4592 ,
1985 4496 2110 4573 ille
2161 4523 2284 4574 cu·

728 4594 841 4695 jus
889 4591 1321 4672 intellefius'
1351 4594 1451 4671 est
1502 4598 1854 4674 elevatior
1903 4597 2136 4674 multa
2175 4598 2282 4675 in-

731 4696 1044 4793 telligit,
1111 4721 1218 4773 uae
1269 4695 1451 4773 alius
1479 4698 1788 4774 omnino
1827 4721 2082 4796 capere
2133 4702 2285 4776 non

834 4795 1009 4887 test,
1060 4721 1239 4875 sicut
1319 4813 1471 4875 atet
1505 4796 1911 4892 inrustico,
1960 4798 2087 4896 qui
2125 4799 2280 4874 nul-

859 4899 1085 4983 modo
1134 4902 1190 4980 P
1247 4898 1261 4911 ’
1298 4896 1610 5001 osophiae
1641 4897 1934 4984 subtiles
1966 4896 2278 4998 confide·

1900 767 2293 846 secundum
2333 838 2337 843 .

2397 664 2849 741 humanum:
2960 691 3131 743 uam
3199 665 3608 746 intellefius
3646 667 3947 766 'optimi
4037 671 4054 702 ’

2399 765 2816 863 Philosophi
2871 764 3326 844 intellef‘tum
3364 768 3711 848 rudiffimi
3766 769 3956 847 idio-

2401 882 2544 943 tae:
2622 865 2794 963 quia
2838 867 2996 952 ,haec
3047 867 3378 947 distantia
3444 870 3636 946 inter
3687 870 3950 968 speciei

2401 965 2737 1043 humanm
2791 965 3063 1039 limites
3092 970 3547 1063 continetur,
3599 997 3779 1068 quos
3831 997 3955 1048 an..

2399 1067 2663 1164 gelicus
3557 1071 3954 1168 Cognoscit

2395 1167 2663 1266 quiden
3513 1198 3549 1248 κ
3602 1171 3951 1251 nobiliori

2401 1268 2663 1345 effeciu
3513 1272 3742 1371 oipsa
3800 1272 3997 1379 subg

2401 1366 2657 1446 stantia
3536 1373 3618 1451 in
3651 1373 3795 1450 Dei
3832 1398 3952 1453 co-

2399 1468 2663 1568 gnitior
3520 1474 3541 1550 i
3595 1474 3957 1572 cognitio·

2398 1594 2495 1646 ne
2520 1626 2544 1665 ,
2596 1572 2663 1647 es
3515 1575 3824 1665 bilibus,
3876 1575 3956 1656 8(

2399 1671 2624 1748 etiam
3513 1701 3620 1752 zm
3674 1674 3955 1753 intelle-

2395 1769 2553 1851 &us
2608 1773 2663 1849 hi
3513 1775 3811 1855 itionem
3848 1775 3953 1855 as-

2391 1873 2635 1952 cendit
3535 1875 3953 1958 intellectus

2390 1975 2684 2055 divinus
2735 2009 3017 2055 excecut
3052 2009 3514 2077 angelicum,
3567 2004 3788 2078 quam
3819 2004 3940 2055 an·

2395 2075 2672 2170 gelicus
2727 2077 3165 2154 humanum.
3224 2078 3380 2175 Ipse
3411 2079 3611 2155 enim
3669 2079 3952 2155 intelle-

2392 2171 2551 2252 aus
2625 2175 2916 2254 divinus
2977 2176 3100 2255 sua
3171 2178 3569 2277 capacitate
3639 2177 3951 2257 substan-

2395 2273 2580 2351 tiam
2631 2275 2830 2353 suam
2882 2275 3250 2378 adaequat,
3300 2277 3372 2353 8(
3412 2278 3578 2356 ideo
3628 2275 3948 2379 persec'te

2390 2376 2481 2454 de
2533 2374 2603 2454 se
2675 2376 3026 2476 intelligit
3091 2380 3267 2478 quid
3320 2376 3419 2453 est
3455 2433 3483 2473 ‚
3550 2379 3622 2455 8<
3692 2379 3947 2457 onmia

2404 2477 2780 2577 cognoscit
2830 2504 2989 2576 quae
3058 2479 3147 2557 de
3200 2480 3269 2556 se
3320 2479 3476 2578 ipso
3524 2478 3954 2579 intelligibi-

2390 2576 2492 2655 lia
2549 2579 2709 2657 sunt
2762 2608 2786 2672 ς
2837 2606 2989 2659 non
3035 2597 3284 2659 autem
3335 2579 3646 2659 naturali
3701 2580 3951 2679 cogni·

2398 2677 2602 2758 tione
2658 2681 2986 2780 Angelus
3038 2682 3126 2758 de
3176 2686 3340 2760 Deo
3371 2679 3746 2780 cognoscit
3767 2681 3948 2779 quid

2398 2779 2498 2858 est
2531 2836 2557 2877 ,
2631 2783 2806 2883 quia
2856 2784 2929 2861 8<
2981 2783 3005 2861 i
3063 2781 3131 2859 sa
3185 2781 3571 2863 substantia
3630 2780 3947 2897 Angeli,

2395 2905 2526 2982 per
2574 2909 2798 2983 quam
2867 2884 2946 2960 in
3078 2886 3146 2963 ei
3196 2884 3700 2986 cognitionem
3752 2885 3949 2965 duct·

2397 3001 2557 3075 tur,
2610 2984 2707 3061 est
2762 2982 3065 3064 effeftus
3112 2986 3334 3067 causae
3386 2984 3740 3063 virtutem
3790 3009 3946 3065 non

2390 3086 2823 3183 adaequans:
2901 3088 3089 3165 unde
3143 3112 3293 3166 non
3344 3086 3597 3164 omnia
3648 3111 3808 3185 quae
3862 3086 3946 3165 in

2393 3184 2465 3262 se
2516 3186 2672 3284 ipso
2728 3190 2925 3266 Deus
2978 3187 3328 3287 intelligit
3359 3241 3386 3282 ,
3445 3188 3770 3286 Angelus
3819 3212 3945 3266 na·

2390 3285 2605 3365 turali
2657 3288 3080 3387 cognitione
3133 3312 3390 3390 capere
3444 3289 3728 3388 potest,
3800 3309 3939 3368 nec

2384 3389 2478 3464 ad
2526 3388 2778 3466 omnia
2842 3415 3000 3489 quae
3076 3390 3409 3489 Angelus
3454 3386 3761 3466 naturali
3815 3384 3940 3466 sua

2388 3488 2661 3567 virtute
2715 3491 3104 3589 intelligit,
3157 3492 3474 3566 humana
3512 3489 3700 3564 ratio
3751 3485 3948 3563 suffia-¹

2384 3589 2489 3664 cit
2539 3589 2922 3686 capienda.
2980 3592 3182 3666 Sicut
3217 3589 3442 3684 igitur
3492 3585 3825 3661 maximae
3864 3609 3938 3663 a·

2386 3688 2679 3764 mentiae
2753 3691 2925 3765 esset
2994 3686 3220 3763 idiota
3256 3740 3279 3778 ,
3347 3685 3475 3784 qui
3542 3709 3629 3761 ea
3680 3709 3835 3784 quae
3890 3706 3937 3765 a

2384 3786 2824 3886 philosopho
2890 3801 3389 3887 proponuntur
3424 3841 3450 3881 ,
3545 3784 3718 3863 falsa
3790 3784 3935 3864 else

2383 3886 2754 3979 assereret,
2809 3903 3099 3988 propter
3143 3888 3282 3966 hoc
3311 3887 3506 3986 quod
3539 3911 3626 3964 ea
3675 3907 3936 3983 capere

2382 4012 2534 4064 non
2586 3989 2855 4088 potesta
2907 3990 3014 4068 ita
3060 3990 3131 4066 8<
3185 3990 3423 4066 multo
3461 3985 3772 4085 amplius
3822 3986 3933 4072 ni·⁸

2383 4087 2551 4165 miae
2606 4090 2915 4168 stultitiae
2968 4091 3142 4167 esset
3194 4090 3424 4171 homo
3457 4144 3488 4180 ,⁶
3538 4088 3581 4163 fi
3639 4112 3722 4164 ea
3772 4113 3955 4188 quae.

2381 4190 2731 4271 divini-tus
2783 4191 3272 4290 >Angelorum
3347 4189 3751 4268 ministerio
3824 4212 3932 4267 re-

2382 4291 2757 4386 velantur,
2776 4290 2949 4369 falsa
2976 4295 3114 4370 esse
3147 4291 3637 4390 suspicaretur,
3664 4314 3753 4368 ex
3792 4291 3934 4377 h'oc

2379 4394 2577 4494 quod
2626 4393 2907 4472 ratione
2931 4392 3384 4509 ‘investigari‘
3426 4416 3576 4468 uon
3598 4393 3935 4492 possunt.

2385 4616 2475 4671 ex
2493 4496 3124 4693 &agitati-¹51?
3137 4493 3465 4673 1322&
3472 4493 3937 4708 “cigssfflffi

2384 4695 2497 4771 dis
2530 4696 2856 4792 quotidie
2885 4694 3343 4795 experimur.
3399 4700 3677 4772 Rerum
3730 4715 3936 4771 emm

2383 4794 2821 4873 sensibilium
2850 4798 3194 4896 plurimas
3222 4794 3695 4909 proprietates
3729 4793 3935 4890 igno·
3975 4846 3985 4853 -

2379 4919 2622 4982 ramus
2645 4952 2677 5006 ‚
2725 4920 3117 5003 earumque
3166 4912 3697 5002 proprietatum
3712 4914 3940 5075 ,naua-³·
