4597 5696
734 403 848 478 260

733 491 1155 604 pizaritibus
1185 547 1213 589 ,
1263 491 1336 568 8<
1377 485 1673 567 extafim
1729 482 2312 598 passis,·quanto

732 602 976 701 magis
1044 598 1127 677 fit
1198 589 1539 671 retraffio
1589 615 1632 666 a
1684 610 2053 701 corpo-reis
2106 583 2312 698 senli-

733 708 911 786 bus.
973 704 1137 781 Nec
1165 694 1545 774 immerito
1597 694 1736 770 hoc
1776 689 2082 767 accidit:
2135 709 2311 787 quia

732 832 907 888 cum
962 803 1212 882 anima
1266 801 1636 887 humana,
1690 790 2016 907 utsupra
2070 787 2098 885 (
2152 811 2311 903 cap.

733 910 1020 990 lxvm.
1075 904 1101 1002 )
1152 896 1513 980 ostensum
1557 895 1656 974 est
1687 948 1712 988 ,
1763 892 1953 971 sitin
1979 889 2306 970 confinio

730 1031 1172 1112 corporum,
1222 1002 1297 1081 8<
1349 1001 1945 1099 incorporearum
1999 989 2305 1107 substan·

729 1115 1003 1195 tiarum
1038 1164 1065 1203 ,
1144 1102 1343 1206 quali
1417 1102 1499 1181 in
1553 1099 1947 1213 horizonte
1997 1091 2306 1173 existens

728 1209 1156 1296 aeternitatis
1197 1262 1224 1303 ,
1294 1205 1387 1295 &A
1468 1220 1863 1317 temporis,
1968 1197 2309 1276 recedens

732 1319 830 1397 ab
884 1314 1153 1395 infimo
1186 1364 1213 1406 ,
1292 1321 1884 1407 appropinquans
1956 1297 2049 1377 ad
2124 1297 2308 1415 sum-

731 1439 948 1499 mum
998 1443 1018 1494 ι
1105 1413 1297 1492 unde
1411 1407 1484 1484 8<
1584 1402 1878 1504 quando
1984 1400 2311 1481 totaliter

733 1522 878 1600 erit
929 1546 973 1596 a
1022 1535 1327 1614 corpore
1393 1508 1713 1608 separata
1739 1500 2101 1620 ,perfecie
2154 1501 2308 1582 affi-

732 1619 1120 1701 milabitur
1191 1608 1598 1693 substantiis
1666 1608 2003 1721 separatis
2084 1630 2307 1706 quan·

732 1740 900 1804 tum
951 1722 1042 1798 ad
1097 1717 1401 1794 modum
1441 1707 1906 1809 intelligendi
1937 1762 1964 1801 ,
2013 1706 2087 1784 8<
2139 1710 2311 1785 ube·

735 1824 890 1906 rius
945 1817 1408 1900 influentiam
1463 1837 1716 1891 earum
1769 1809 2079 1909 recipiet
2114 1864 2134 1884 .
2190 1809 2313 1890 Sic
2400 1877 2401 1880 n

733 1928 969 2028 igitur
1017 1920 1144 2002 etsi
1218 1916 1632 2014 intelligere
1684 1913 2007 2029 nostrum
2063 1908 2308 1991 secun-

734 2032 917 2109 dum
969 2023 1280 2103 modum
1354 2015 1717 2117 praesentis
1787 2031 1959 2093 vitae
1989 2067 2015 2106 ,
2066 2039 2310 2093 corru-

736 2150 873 2234 pto
935 2149 1243 2226 corpore
1267 2177 1293 2217 ,
1364 2136 1871 2218 corrumpatur
1910 2171 1935 2212 ,
1988 2113 2318 2233 succedet

737 2249 996 2314 tamen
1043 2227 1230 2306 alius
1285 2224 1544 2301 modus
1569 2218 2045 2318 intelligendi
2073 2218 2316 2296 altior.

736 2329 1155 2416 Reminisci
1205 2344 1501 2419 autem,
1553 2347 1787 2423 quum
1831 2318 1916 2434 {it
1955 2317 2155 2398 aetus
2188 2344 2318 2435 per

739 2456 1178 2535 corporeum
1233 2451 1598 2527 organum
1650 2436 2062 2535 exercitus,
2113 2438 2196 2497 ut
2233 2446 2316 2535 in

741 2538 981 2619 Libro
1050 2534 1140 2612 de
1213 2527 1575 2608 memoria
1647 2526 1724 2603 &
1774 2521 2316 2601 remmlscentla

738 2642 770 2739 (
823 2663 977 2740 cap.
1046 2665 1073 2713 ι
1099 2664 1155 2713 1.
1211 2632 1240 2730 )
1293 2627 1722 2710 Aristoteles
1776 2624 2036 2740 prqbat
2065 2680 2093 2721 ,
2161 2649 2316 2703 non

737 2740 1013 2844 poterit
1093 2733 1248 2836 post
1322 2756 1584 2831 corpus
1657 2729 1739 2807 in
1788 2751 2037 2806 amma
2090 2751 2319 2806 rema·

737 2869 968 2933 nere,
1021 2839 1154 2919 nisi
1209 2833 1579 2915 reminisci
1651 2829 2031 2933 aequivoce
2089 2829 2320 2946 suma·

735 2963 860 3027 tur
913 2966 1046 3045 pro
1101 2936 1596 3036 intelligentia
1634 2958 1888 3011 eorum
1933 2956 2105 3045 quae
2156 2957 2322 3032 quis

739 3047 943 3150 prius
995 3042 1258 3129 novit,
1309 3060 1534 3136 quam
1588 3049 1880 3131 oportet
1915 3056 2179 3109 animae
2221 3033 2318 3146 se-

737 3168 1008 3267 paratae
1058 3142 1287 3222 adeffe
1337 3136 1562 3215 etiam
1585 3156 1840 3209 eorum
1892 3155 2053 3245 quas:
2104 3148 2320 3246 novit

741 3277 827 3330 m
877 3250 1035 3327 vita
1075 3300 1100 3336 ,
1176 3265 1408 3339 quum
1485 3234 1752 3334 species
1804 3232 2314 3329 intelligibiles

739 3352 827 3431 in
903 3342 1282 3427 intenefflu
1393 3335 1708 3440 poffibili
1809 3334 2308 3440 indelebiliter

741 3449 1232 3551 recipiantur,
1284 3458 1363 3520 ut
1416 3438 1696 3520 dietum
1734 3434 1831 3512 est
1865 3435 2072 3549 supra
2102 3437 2305 3537 (cap.

741 3546 995 3633 lxxivr
1046 3551 1072 3647 )
1125 3546 1340 3627 Circa
1393 3544 1569 3620 alias
1597 3561 1773 3615 vero
1826 3562 2090 3614 animae
2142 3564 2310 3638 ope-

743 3657 1063 3731 rationes
1094 3707 1120 3744 ,
1189 3648 1364 3725 ficut
1417 3643 1516 3721 est
1591 3665 1837 3719 amare
1870 3694 1895 3731 ,
1949 3640 2307 3759 gaudere,

739 3754 816 3833 8<
892 3754 1035 3829 alia
1107 3745 1587 3845 hujusmodi,
1660 3740 1758 3819 est
1826 3762 2315 3840 aeqmvocatlo

739 3843 1125 3935 cavenda:
1184 3873 1358 3926 nam
1437 3846 1874 3946 quandoque
1931 3841 2313 3923 sumuntur

735 3973 821 4036 ut
875 3954 1041 4033 sunt
1089 3952 1354 4028 animae
1407 3946 1808 4048 paffioneS,
1876 3943 1948 4020 8<
2002 3942 2095 4022 fic
2149 3945 2312 4025 sunt

735 4056 939 4136 aelus
1023 4052 1371 4131 sensibilis
1467 4047 1832 4146 appetitus
1902 4042 2306 4160 ,secundum

736 4155 1386 4257 concupiscibilem
1420 4204 1446 4243 ,
1498 4151 1615 4225 vel
1643 4146 2073 4263 irascibilem
2131 4173 2304 4227 cum

738 4260 988 4357 aliqua
1046 4253 1585 4353 permutatione
1636 4248 2048 4363 corporali,
2097 4247 2169 4325 8(
2210 4249 2303 4332 fic

738 4362 819 4438 in
889 4357 1138 4434 anima
1206 4377 1504 4431 manere
1583 4376 1732 4428 non
1806 4353 2094 4465 poliunt
2147 4350 2305 4467 post

736 4477 1098 4549 mortem,
1152 4474 1233 4534 ut
1289 4453 1709 4532 Aristoteles
1763 4451 2023 4551 probat
2078 4477 2155 4548 ιι]
2182 4456 2302 4530 Li-

735 4565 874 4641 bro
932 4562 989 4637 1.
1042 4558 1130 4633 de
1159 4556 1434 4634 Anima
1488 4556 1708 4652 (text.
1762 4578 2033 4632 comm.
2054 4551 2304 4650 lxvr.)

737 4669 1140 4751 Sumuntur
1189 4674 1437 4734 autern
1471 4656 1904 4755 quandoque
1963 4676 2094 4752 pro
2145 4652 2302 4732 fim-

734 4762 914 4868 plici
971 4759 1138 4843 aestu
1190 4756 1632 4847 voluntatis,
1701 4757 1828 4856 qui
1883 4756 1978 4835 est
2034 4755 2300 4855 absque

730 4864 1047 4970 paffione
1087 4919 1106 4939 .
1182 4860 1403 4939 Unde
1483 4855 1906 4971 Aristoteles
1979 4857 2058 4935 in
2117 4860 2298 4937 Vll.

729 4967 1061 5050 Ethicor.
1130 4963 1158 5063 (
1227 4984 1383 5064 cap.
1456 4960 1588 5040 ult.
1661 4959 1690 5056 )
1763 4958 1943 5037 dicit
1988 5012 2016 5055 ,
2100 4963 2300 5062 quod

1379 381 1511 450 DE
1573 371 2160 441 VERITATE
2218 369 2937 441 CATHOLICAE
2994 372 3307 441 FIDEI

2415 488 2617 564 Deus
2670 512 2812 567 una
2864 486 3175 592 fimplici
3200 493 3626 591 operatione
3676 497 3983 596 gaudet.

2416 589 2520 665 Et
2573 589 2652 664 in
2703 589 2906 691 (cap.
2943 596 3219 690 v111.)
3270 598 3470 696 quod
3523 596 3605 674 in
3653 617 3980 678 contem·

2415 689 2742 787 platione
2813 693 3183 794 sapientiae
3250 694 3353 774 est
3424 697 3810 780 deleciatio
3858 703 3983 782 ad·,

2415 791 2775 873 mirabilis
2814 853 2832 871 .
2904 799 3007 876 Et
3074 798 3151 875 in
3222 802 3446 880 VIII.
3536 800 3565 898 (
3615 826 3771 902 cap.
3822 829 3895 880 v.
3948 803 3980 901 )

2409 917 2738 973 amorem
2802 898 3157 986 *amicitiae
3230 900 3325 978 ab
3395 902 3769 982 amatione
3819 929 3981 1005 quae

2408 993 2510 1073 est
2582 997 2860 1095 pastio,
2929 1001 3376 1102 distinguit.
3453 1007 3717 1101 Quum
3798 1031 3977 1086 vero

2407 1096 2747 1178 voluntas
2802 1100 2886 1179 fit
2938 1107 3273 1202 potentia
3327 1126 3477 1186 non
3507 1126 3716 1187 utens
3766 1132 3976 1208 orga-

2408 1224 2550 1293 no,
2603 1199 2780 1280 ficut
2830 1228 2969 1282 nec
3049 1206 3510 1301 intellestus3
3582 1211 3828 1311 palam
3881 1208 3979 1288 est

2411 1297 2871 1402 hujusmodi,
2925 1305 3345 1394 secundum,
3396 1313 3539 1391 uod
3562 1314 3723 1392 sunt
3759 1310 3975 1393 naus

2409 1402 2811 1485 voluntatis
2843 1462 2870 1503 ,
2924 1408 3003 1486 in
3054 1412 3302 1490 anima
3384 1432 3675 1514 eparata
3748 1423 3982 1493 rema-

2407 1530 2618 1583 nere.
2674 1508 2798 1588 Sic
2850 1510 3081 1610 igitur
3128 1537 3221 1591 ex
3272 1516 3633 1616 praediffis
3682 1515 3982 1595 rationi·

2411 1611 2544 1685 bus
2592 1610 2934 1689 concludi
2986 1641 3140 1693 non
3190 1617 3419 1716 potest
3470 1619 3802 1698 animam
3851 1617 3980 1697 ho·

2416 1711 2639 1789 minis
2693 1713 2829 1791 effe
2882 1717 3279 1796 mortalem
3316 1777 3335 1798 .

2635 1853 2690 1915 C
2776 1857 2836 1918 A
2924 1856 2971 1918 P
3058 1859 3119 1922 U
3204 1861 3266 1922 T
3430 1863 3697 1926 Lxxxl
3710 1864 3766 1928 I.

2569 1935 2745 2020 Quod
2765 1939 2971 2001 anime
3008 1938 3292 2002 brutorum
3331 1946 3670 2008 animalium
3712 1968 3817 2010 non

2892 2020 3033 2099 fient
3074 2025 3417 2086 immortales
3433 2069 3457 2086 .

2581 2096 2636 2157 1.
2680 2099 2844 2162 Part.
2902 2099 3085 2183 quest.
3129 2101 3304 2169 lxxv.
3383 2128 3494 2169 are.
3530 2127 3589 2187 3⁴
3633 2106 3713 2172 eb·
3757 2116 3821 2174 6.

2416 2209 2825 2400 EX'his
2877 2242 3125 2304 autern
3179 2251 3339 2326 quae
3393 2228 3589 2310 diffla
3640 2230 3804 2314 sunt
3836 2289 3864 2332 ,
3914 2257 3989 2312 e-

2630 2321 2966 2401 videnter
3015 2326 3440 2424 ostenditur,
3493 2334 3878 2416 brutorum
3909 2361 3984 2413 a·

2416 2419 2656 2498 nimas
2708 2448 2858 2501 non
2910 2428 3052 2502 effe
3107 2428 3601 2509 immortales.

2531 2546 2590 2596 1.
2645 2525 2812 2622 Jam
2891 2528 3098 2606 enim
3176 2528 3533 2618 ostensum
3586 2534 3686 2612 est
3741 2533 3773 2632 (
3825 2561 3985 2638 cap.

2418 2618 2620 2699 lv11.
2673 2624 2747 2702 8(
2797 2624 3097 2706 lxvru.
3152 2631 3179 2728 )
3228 2635 3427 2730 quod
3480 2634 3682 2712 nulla
3735 2662 3986 2737 opera-

2421 2722 2534 2803 tio
2585 2724 2938 2808 senfitivae
3016 2731 3237 2831 partis
3289 2732 3423 2810 effe
3477 2733 3625 2812 fine
3676 2763 3989 2838 corpore

2421 2826 2691 2925 potest.
2752 2833 2840 2908 In
2888 2832 3278 2913 animabus
3312 2852 3560 2915 autem
3601 2839 3986 2924 brutorum

2422 2953 2577 3006 non
2626 2929 2726 3009 est
2807 2933 3138 3013 invenire
3210 2935 3544 3037 aliquam
3628 2945 3990 3042 operatio·

2420 3052 2597 3106 nem
2666 3033 3107 3131 superiorem
3180 3041 3724 3136 operationibus
3780 3045 3986 3125 senfi-

2421 3128 2589 3207 tivae
2642 3136 2865 3231 partis
2907 3164 2938 3211 .·
3013 3164 3163 3216 non
3216 3142 3420 3219 enim
3505 3143 3986 3247 intelligunt,

2416 3249 2659 3330 neque
2733 3237 3330 3333 ratiocinantur,
3399 3247 3600 3339 quod
3675 3273 3765 3328 ex
3836 3248 3978 3330 hoc

2411 3353 2710 3430 apparet
2754 3392 2780 3431 ,
2864 3340 3039 3437 quia
3092 3344 3346 3425 omnia
3398 3347 3749 3427 animalia
3801 3349 3979 3443 eiust

2410 3435 2579 3511 dem
2633 3437 2892 3537 speciei
2925 3440 3258 3524 {imiliter
3293 3466 3728 3546 operantur,
3777 3451 3978 3552 quali

2410 3560 2454 3611 a
2506 3554 2765 3617 natura
2817 3562 3035 3624 motae
3061 3604 3083 3640 ‚
3134 3547 3209 3625 8<
3261 3576 3410 3627 non
3462 3577 3552 3629 ex
3602 3569 3754 3631 arte
3805 3579 3975 3652 ope-

2414 3660 2655 3719 rantes
2704 3671 2721 3715 :
2803 3648 3047 3724 omnis
3101 3649 3304 3727 enim
3357 3649 3675 3732 hirundo
3726 3652 3976 3733 fimili-
4042 3751 4052 3762 ,

2414 3755 2526 3817 ter
2593 3742 2768 3823 facit
2837 3749 3096 3825 nidum
3145 3804 3171 3843 ,
3238 3752 3310 3826 8(
3391 3753 3635 3829 omnis
3705 3778 3968 3833 aranea

2414 3838 2741 3926 fimiliter
2794 3848 3017 3925 telam
3073 3902 3092 3923 .
3152 3847 3382 3925 Nulla
3437 3851 3666 3950 igitur
3716 3879 3970 3953 opera-

2412 3942 2521 4021 tio
2572 3945 2670 4022 est
2744 3949 3003 4027 animae
3084 3949 3466 4029 brutorum
3537 3979 3697 4054 quae
3751 3958 3980 4055 postit-

2412 4041 2556 4121 fine
2606 4070 2905 4146 corpore
2960 4049 3136 4127 effe.
3189 4056 3386 4130 Cum
3440 4054 3667 4155 igitur
3718 4059 3978 4139 omnis⁴

2407 4143 2793 4225 substantia
2864 4151 3189 4250 aliquam
3263 4157 3769 4253 operationem
3839 4160 3959 4236 ha-

2406 4246 2575 4326 beat
2623 4300 2650 4341 ‚
2720 4275 2870 4329 non
2926 4254 3196 4351 poterit
3264 4257 3513 4335 anima
3566 4260 3760 4337 bruti
3809 4259 3961 4339 abs·

2403 4372 2547 4445 que
2595 4376 2899 4469 corpore
2952 4357 3129 4434 esse:
3186 4381 3367 4458 ergo
3405 4378 3751 4460 pereunte
3802 4386 3959 4442 cor·

2400 4472 2618 4547 pore,
2672 4473 2896 4550 perit.
3767 4530 3771 4535 ,

2511 4579 2576 4628 2.
2640 4560 2826 4634 Item
2854 4613 2873 4633 .
2931 4558 3203 4640 Omnis
3256 4557 3493 4642 forma
3548 4565 3864 4664 separata
3914 4593 3959 4644 a

2409 4657 2714 4734 materia
2765 4713 2791 4753 ,
2860 4659 2957 4738 est
3034 4661 3401 4743 intellefla
3452 4666 3531 4745 in
3581 4666 3749 4746 aftu
3790 4695 3809 4745 ε
3868 4667 3962 4746 fic

2407 4756 2607 4836 enim
2681 4760 3093 4844 intelleE'tus
3160 4790 3380 4865 agens
3457 4767 3636 4848 facit
3690 4769 3962 4870 species

2405 4856 2911 4961 intelligibiles
2993 4865 3160 4945 acin
3211 4922 3251 4964 ‚.
3322 4869 3759 4970 inquantum
3843 4875 3962 4950 ab·

2400 4954 2654 5042 strahit
2704 4986 2823 5042 eas
2874 5022 2902 5064 ,
2955 4986 3037 5046 ut
3108 4994 3200 5047 ex
3246 4969 3671 5072 supradietis
3721 4975 3749 5071 (
3800 4999 3976 5072 cap..

2790 5120 2799 5129 .
3649 5080 3953 5156 lxxv11·
