4597 5696
1283 357 1876 430 CONTRA
1962 353 2716 430 GEN·T1LES
2803 350 3238 420 LIB.11.

620 529 627 534 -
750 503 818 556 κ’.
891 472 1238 578 Amplius
1287 534 1306 554 .
1377 476 1459 556 Si
1497 473 1818 574 aliquid
1902 497 2055 551 non
2128 470 2200 550 se

641 579 872 686 habet
923 582 1183 660 eodem
1234 580 1463 658 modo
1510 602 1719 655 nunc·
1751 631 1778 672 ‚
1846 575 1921 653 8<
1971 573 2199 675 priuS,

649 698 944 785 oportet
994 680 1179 760 illud
1207 682 1342 760 esse
1361 678 1779 780 aliqualiter
1808 693 2200 757 mutatum:

644 786 789 865 hoc
843 784 1049 862 enim
1101 782 1202 861 est
1253 783 1539 862 moveri
1586 839 1615 880 ‚
1703 806 1854 859 non
1939 777 2201 858 eodem

648 888 880 965 modo
952 887 1023 963 se
1093 911 1287 966 nunc
1337 940 1365 980 ‚
1450 885 1524 964 8<
1590 881 1788 982 prius
1856 882 2123 961 habere
2173 937 2194 957 .

648 993 906 1068 Omne
956 1005 1205 1066 autem
1256 988 1453 1087 quod
1503 988 1593 1065 de
1662 1007 1862 1065 novo
1932 981 2200 1083 incipit

648 1092 839 1185 effe,
892 1114 1049 1168 non
1097 1092 1358 1168 eodem
1387 1090 1612 1167 modo
1664 1086 1975 1165 sehabet
2000 1111 2198 1163 nunc

648 1193 726 1271 8<
777 1190 1011 1291 prius.
1067 1195 1386 1292 Oportet
1437 1191 1664 1290 igitur
1705 1188 1854 1270 hoc
1906 1211 2037 1288 per
2065 1187 2195 1266 ali-

648 1318 876 1394 quem
929 1313 1225 1374 motum
1276 1348 1301 1387 ‚
1353 1293 1476 1372 vel
1530 1292 2028 1374 mutationem
2085 1316 2198 1369 ac·

652 1394 897 1474 cidere
949 1453 970 1474 .
1053 1395 1326 1476 Omnis
1389 1411 1636 1474 autem
1691 1412 1937 1474 motus
1988 1445 2015 1488 ‚
2082 1391 2208 1470 vel

652 1498 972 1588 mutatio
1026 1498 1106 1576 in
1157 1497 1414 1597 aliquo
1467 1496 1793 1595 subjecto
1861 1492 1963 1574 est
2015 1523 2034 1572 ε
2104 1493 2207 1573 est

656 1599 863 1676 enim
942 1599 1144 1681 acius
1180 1598 1518 1679 -mobilis
1571 1655 1590 1675 .
1668 1602 1866 1677 Cum
1957 1612 2208 1677 autem

656 1717 906 1780 motus
958 1702 1042 1781 fit
1093 1703 1292 1802 prius
1347 1725 1439 1779 eo
1487 1702 1683 1801 quod
1734 1699 1822 1777 fit
1872 1723 2002 1798 per
2050 1724 2208 1776 mo-

654 1819 818 1881 tum
869 1805 897 1901 (
950 1829 1122 1883 cum
1173 1805 1264 1882 ad
1316 1802 1460 1883 hoc
1538 1801 1979 1881 terminetur
2049 1825 2207 1879 mo·

611 1919 772 1984 ·tus
825 1904 854 2002 )
901 1922 1192 2007 oportet
1260 1919 1430 1983 ante
1495 1903 1877 2005 quodlibet
1928 1898 2208 1980 fastum

654 2008 1102 2105 praeexistere
1127 2007 1424 2106 aliquod
1458 2004 1862 2102 subjectum
1897 2004 2203 2083 mobilez

652 2111 728 2185 &
781 2134 953 2187 cum
1007 2111 1147 2188 hoc
1202 2133 1354 2187 non
1425 2106 1514 2188 fit
1565 2105 1896 2208 poffibile
1963 2106 2042 2184 in
2097 2106 2203 2182 in-

648 2208 943 2288 finitum
997 2211 1387 2311 procedere
1436 2263 1462 2304 ‚
1513 2226 1804 2308 oportet
1853 2208 2199 2285 devenire

649 2312 740 2387 ad
792 2311 1092 2412 aliquod
1144 2312 1467 2412 primum
1523 2308 1926 2407 subjectum
1964 2364 1990 2401 ‚
2045 2334 2196 2386 non

646 2404 736 2490 de
787 2438 990 2492 novo
1009 2413 1366 2513 incipiens
1401 2411 1522 2490 sed
1560 2413 1843 2510 semper
1867 2408 2192 2488 existens.

755 2540 819 2616 3.
878 2515 1146 2594 Adhuc
1179 2571 1199 2592 .
1281 2516 1532 2593 Omne
1602 2513 1800 2612 quod
1850 2515 1939 2590 de
1995 2538 2195 2590 novo

642 2617 787 2695 esse
818 2613 1123 2717 incipit,
1174 2635 1343 2695 ante
1394 2641 1567 2695 uam
1587 2616 1803 2708 esset,
1858 2615 2189 2712 poffibile

644 2737 800 2796 erat
853 2719 1089 2816 ipsum
1107 2720 1287 2811 effe3
1367 2743 1394 2794 1
1442 2717 1650 2794 enim
1686 2716 2019 2814 postibile
2038 2741 2189 2792 non

645 2817 2193 3021 &susas-2123&

2019 2972 2050 3015 9

650 3043 1059 3120 numquam
1093 3020 1811 3122 effeincepiffet.Sed
1840 3022 2039 3122 quod
2090 3019 2192 3098 est

651 3121 986 3221 possibile
1039 3125 1222 3220 esse,
1275 3121 1820 3221 &subjectum
1858 3124 2189 3225 potentia

648 3247 816 3302 ens.
870 3226 1190 3326 Oportet
1242 3226 1466 3326 igitur
1502 3245 1675 3304 ante
1706 3226 2194 3327 quodlibet-de

602 3320 851 3403 ‘novo
900 3326 1256 3426 incipiens
1308 3326 1756 3428 praeexistere
1790 3326 2194 3425 subjeetum

647 3427 984 3526 potentia
1037 3453 1210 3508 ens:
1264 3428 1338 3507 8<
1387 3452 1560 3506 cum
1612 3427 1751 3507 hoc
1804 3427 1884 3504 in
1950 3427 2198 3504 infini-

649 3545 814 3608 tum
866 3532 1250 3630 procedere
1306 3556 1457 3610 non
1495 3529 1809 3632 possit‚o
1905 3542 2201 3628 rtetpo-

648 3646 824 3707 nere
876 3633 1173 3732 aliquod
1223 3634 1549 3734 primum
1576 3630 1771 3730 subje
1851 3656 1977 3708 um
1997 3629 2197 3731 quod

649 3755 805 3812 non
859 3733 1217 3837 inceperit
1269 3736 1405 3813 effe
1456 3738 1546 3814 de
1599 3758 1801 3812 novo
1851 3790 1870 3808 .
1982 3797 1989 3805 .

600 3854 611 3860 “’
752 3862 825 3931 4.
882 3840 1073 3915 Item
1107 3896 1126 3916 .
1184 3837 1419 3920 Nulla
1473 3833 1865 3916 substantia
1918 3859 2199 3952 perma-

633 3958 902 4116 ’ἓῖηῆἆ
929 3938 1391 4120 efforiugiigt
1418 3940 1624 4119 hei-¹3
1650 3939 1803 4133 ‚hirc
1834 3936 2199 4137 ῑῖιῖἶῖῗπῗεῗ

645 4140 788 4215 Sed
808 4142 983 4218 dum
1036 4142 1163 4237 fit,
1216 4159 1505 4240 oportet
1522 4142 1801 4242 aliquid
1837 4140 1972 4219 effe
1992 4141 2189 4241 quod

642 4235 731 4315 fit
806 4238 1144 4320 faciionis·
1214 4241 1688 4339 subjectum:
1765 4271 1917 4324 non
1986 4244 2191 4321 enim

639 4335 912 4435 factio,
962 4368 1134 4421 cum
1188 4342 1272 4422 fit
1325 4345 1657 4424 accidem
1685 4399 1710 4438 ‚
1763 4342 1910 4423 fine
1962 4344 2186 4439 subje-

637 4436 764 4518 ἑὶο
813 4444 956 4520 effe
1008 4445 1235 4545 potest
1289 4503 1308 4521 .
1384 4450 1637 4558 Omne
1710 4448 1941 4546 'igitur
1988 4447 2225 4547 quod‘

640 4539 770 4636 fit,
826 4543 1049 4625 habet
1099 4544 1397 4645 aliquod
1449 4545 1853 4644 mbjeehnm
1899 4548 2190 4648 praeexi-

640 4639 875 4726 flens:
930 4648 1004 4727 8<
1053 4673 1227 4743 cum
1279 4650 1418 4726 hoc
1497 4649 1577 4726 in
1649 4649 2027 4727 infinitum
2085 4650 2190 4726 ire

643 4751 1059 4932 ’ὲῗώΡὲῗὲ
1106 4747 2192 4953 ἑιέἔςὲἒῗίἑὲήῗὲἒᾟωὲῗζῖ·

642 4977 830 5034 num
873 4980 892 5035 ε
947 4981 1039 5041 ex
1089 4980 1239 5063 quo
1288 4907 1624 5039 ulterius⁹
1646 4954 1968 5060 sequitur
1987 5009 2015 5058 ,
2067 4956 2201 5036 ali-

2275 1188 2556 1288 *dicuxu
2621 1242 2649 1283 ‚
2715 1212 2875 1288 quae

3741 359 3849 436 165

2302 471 2482 573 quid
2547 486 2804 569 praeter
2876 469 3127 544 Deum
3202 447 3346 543 effe
3425 477 3778 546 aeternum
3832 522 3858 560 ‚

2302 600 2502 653 cum·
2552 572 2704 673 ipse
2778 565 3180 666 subjectum
3268 565 3607 647 faetionis
3653 620 3678 659 ‚
3730 587 3858 646 aut

2266 692 2555 756 ‘motus
2622 676 2776 754 effe
2812 697 2968 750 non
3037 670 3262 771 possit³
3298 726 3317 746 .
3411 673 3549 749 Hae
3591 719 3594 722 -
3629 669 3858 767 igitur

2303 779 2468 864 sunt
2520 777 2840 857 rationes
2893 773 3158 873 quibus
3186 763 3419 873 aliqui
3472 792 3859 870 tamquam

2298 876 3039 961 demonstrationibus
3090 876 3524 954 inhaerentes
3572 873 3859 971 dicunt,

2300 983 2776 1062 necessarium
2828 980 2965 1058 effe
3034 1002 3148 1058 res
3224 995 3501 1058 creatas
3570 976 3858 1077 semper

2302 1084 2547 1164 fuisse:
2600 1086 2684 1163 in
2734 1108 2886 1187 quo
2934 1079 3108 1159 fidei
3158 1080 3536 1161 catholicae
3570 1095 3860 1159 contra-

3113 1182 3176 1264 it
3226 1238 3254 1281 ,
3341 1182 3533 1261 nihil
3597 1200 3863 1280 praeter

2298 1295 2553 1370 Deum
2605 1291 2886 1390 semper
3021 1284 3187 1381 isse,
3235 1285 3366 1363 sed
3408 1283 3661 1365 omnia
3713 1287 3857 1365 effe

2308 1394 2606 1500 coepisse
2658 1407 2916 1499 praeter
2943 1411 3176 1473 unum
3203 1390 3453 1470 Deum
3480 1399 3858 1471 aeternunu

2547 1541 2610 1619 ‘c
2696 1558 2758 1621 A
2843 1533 3038 1620 Ρύ
3125 1555 3188 1617 τ
3352 1523 3756 1620 Χκῑίν.”

2352 1680 2568 1744 solutio
2606 1680 2884 1743 rationum
2913 1680 3272 1761 fiamptaerum
3326 1698 3395 1738 ex
3439 1691 3612 1759 parte,
3635 1676 3752 1746 Dea·
3790 1715 3814 1740 0
3849 1705 3856 1716 ·

2312 1802 2757 1988 OPortet
2808 1798 3039 1899 igitur
3075 1798 3444 1881 ostendere
3463 1850 3490 1891 ‚
3541 1793 3859 1895 praemis-

2558 1901 2666 1980 sas
2716 1903 3036 1983 rationes
3085 1928 3240 1981 non
3292 1925 3386 1978 ex
3436 1898 3858 1988 necestitate

2303 2003 2739 2083 concludere
2773 2057 2802 2098 ,
2869 2002 2943 2081 8<
3013 2004 3258 2105 primo
3325 2001 3488 2081 illas
3540 2026 3714 2101 quae
3752 2013 3858 2079 ex³

2304 2123 2508 2205 parte
2562 2105 2848 2204 agentis
2900 2103 3281 2185 sumuntur
3307 2124 3336 2180 ·.

2417 2234 2476 2282 1.
2534 2210 2717 2285 Non
2771 2207 2977 2283 enirn
3029 2206 3544 2305 oportetquod
3595 2202 3854 2303 perse,

2296 2306 2421 2385 vel
2524 2333 2602 2385 er
2650 2309 2983 2386 accidens
3042 2311 3243 2388 Deus
3294 2319 3679 2385 moveatur
3713 2359 3740 2399 ‚
3793 2301 3853 2381 st

2295 2333 2605 2490 effecius
2657 2407 2808 2504 ejus
2860 2411 2949 2487 de
3000 2434 3203 2489 novo
3278 2408 3648 2510 incipiunt
3707 2406 3862 2485 effe

2292 2527 2377 2590 ut
2426 2511 2664 2611 prima
2717 2511 2905 2590 ratio
2956 2513 3393 2610 procedebat
3444 2523 3484 2585 .’
3520 2508 3854 2587 Novitas

2290 2612 2495 2690 enim
2567 2612 2865 2692 effe-stus
2915 2614 3260 2693 -indicare
3328 2607 3559 2713 potest
3611 2623 3862 2687 mutas·

2294 2714 2582 2791 tionem
2634 2714 2918 2813 agentis
2967 2766 2993 2808 ‚
3048 2714 3492 2814 inquantum
3542 2711 3862 2802 demon-¹,

2289 2813 2459 2892 strat
2511 2815 2919 2894 novitatem
2971 2812 3282 2894 aetionis
3337 2840 3355 2892 ε
3439 2837 3593 2893 non
3642 2810 3862 2892 enim

2291 2915 2524 3018 potest
2574 2917 2714 2995 effe
2765 2918 2963 3018 quod
3016 2918 3095 2997 in
3146 2934 3415 3019 agente
3493 2913 3581 2996 fit
3649 2939 3866 2997 nova·

2294 3017 2493 3099 actio
2535 3073 2562 3114 ‚
2613 3017 2748 3098 nifi
2799 3020 3053 3122 aliquo
3104 3023 3331 3100 niodo
3379 3035 3770 3101 moveatur
3817 3028 3860 3115 ‚'

2294 3120 2548 3211 saltem
2600 3122 2712 3201 de·
2742 3124 2902 3202 otio
2970 3124 3049 3202 in
3121 3122 3370 3204 aetum
3422 3184 3439 3202 .
3527 3122 3856 3204 Novitas

2293 3242 2543 3303 autem
2594 3225 2834 3303 divini
2872 3223 3167 3305 effecius
3220 3253 3370 3305 non
3406 3223 3858 3305 demonstrat

2295 3328 2706 3404 novitatem
2756 3325 3069 3405 aetionis
3088 3327 3167 3405 in
3193 3332 3406 3420 Dee,
3456 3350 3629 3404 cum
3648 3323 3852 3403 aetio

2297 3425 2420 3502 sua
2472 3424 2556 3502 sit
2610 3425 2730 3503 sua
2782 3428 3073 3505 essentia
3124 3481 3151 3521 ‚
3203 3446 3287 3506 ut
3341 3429 3546 3526 supra
3597 3425 3625 3523 (
3681 3425 3851 3502 Lib.

2303 3530 2360 3605 Ι.
2397 3551 2584 3626 cap.
2652 3529 2804 3605 xlv.
2859 3527 2889 3625 )
2956 3526 3320 3606 ostensum
3391 3527 3494 3605 est
3533 3583 3552 3603 .
3621 3526 3851 3606 Unde

2296 3653 2537 3729 neque
2605 3628 2896 3707 novitas
2984 3627 3283 3709 effeetus
3355 3628 3855 3708 mutationem

2302 3732 2450 3810 Dei
2504 3732 2792 3832 agentis
2841 3730 3330 3812 demonstrare
3382 3729 3615 3832 potest
3667 3787 3687 3807 .

2406 3836 2573 3913 Nec
2629 3854 2878 3913 tamen
2929 3836 3475 3938 oporteuquod
3529 3833 3578 3911 fi
3621 3830 3855 3935 primi

2296 3937 2585 4034 agentis
2635 3935 2833 4016 actio
2884 3937 2967 4017 fit
3020 3957 3285 4017 aeterna
3319 3992 3344 4033 ‚
3412 3938 3609 4039 quod
3693 3936 3857 4029 eius

2295 4036 2599 4117 effectus
2652 4037 2737 4118 fit
2789 4058 3137 4137 aeternus,
3188 4058 3271 4120 ut
3305 4038 3608 4135 secunda
3661 4040 3858 4118 ratio

2292 4140 2812 4219 concludebat:
2839 4140 3200 4221 ostensum
3252 4141 3351 4220 est
3390 4141 3595 4219 enim
3648 4139 3868 4241 supra·

2294 4243 2322 4339 (
2378 4267 2532 4342 cap.
2585 4269 2858 4321 xx111.
2914 4243 2943 4341 )
2995 4246 3222 4347 Quod
3277 4248 3478 4321 Deus
3516 4240 3672 4342 agit
3721 4267 3852 4321 vo·

2294 4344 2606 4423 luntarie
2660 4344 2741 4421 in
2792 4369 3040 4425 rerum
3094 4342 3570 4447 produ-stione
3602 4399 3630 4440 ,
3697 4371 3855 4425 non

2291 4464 2544 4526 autem
2596 4447 2699 4525 ita
2751 4450 2950 4547 quod
3001 4447 3085 4528 fit
3136 4447 3381 4549 aliqua
3412 4446 3608 4529 actio
3636 4448 3870 4549 ipsius·

2293 4550 2539 4627 media
2574 4604 2601 4643 ‚
2655 4548 2831 4629 ficut
2886 4550 2964 4628 in
3017 4550 3229 4631 nobis
3308 4549 3504 4630 affio
3553 4550 3852 4630 virtutis

2296 4652 2595 4730 motivae
2649 4649 2747 4727 est
2830 4653 3074 4732 media
3149 4654 3340 4733 inter
3409 4651 3656 4734 aetum
3727 4679 3857 4732 vo·

2294 4753 2599 4831 luntatis
2649 4752 2724 4830 &
2774 4754 3265 4851 effeciummt
3318 4757 3396 4833 in
3453 4759 3857 4856 praeceden-

2296 4856 2498 4935 tibug
2545 4852 2903 4945 ostensum
2958 4859 3094 4937 est:
3155 4860 3273 4936 sed
3325 4876 3616 4958 oportet
3652 4856 3853 4958 quod

2305 4956 2514 5041 suum
2565 4957 3023 5063 intelligere,
3073 4961 3148 5042 8<
3199 4961 3391 5044 velle
3431 5014 3458 5058 ‚
3509 4960 3594 5039 fit
3647 4961 3859 5145 skium

3702 5082 3860 5141 ace·
