4597 5696
683 384 797 446 ⁴2³

713 493 896 595 quid
930 492 1130 577 aliud
1164 553 1184 575 .
1268 499 1482 578 Nam
1532 496 1587 575 fi
1638 497 2104 599 cognosceret
2162 494 2293 577 ali-

773 598 898 678 uid
950 625 1080 700 per
1133 598 1451 701 speciem
1523 625 1684 701 quae
1737 626 1892 680 non
1945 599 2047 678 est
2100 599 2295 700 ipse,

709 622 1136 818 seque-retur
1185 705 1277 785 de
1306 703 1721 784 necessitate
1753 702 1952 804 quod
2005 725 2298 881 propor-

714 819 833 882 t1o
883 829 1041 903 ejus
1092 809 1185 888 ad
1237 805 1446 884 illam
1524 805 1845 907 speciem
1896 807 2068 883 effet
2148 817 2300 884 1cut

714 909 1105 1006 proportio
1173 908 1517 1010 potentiae
1586 910 1679 987 ad
1727 905 2034 987 aflum:
2109 909 2303 986 unde

669 1051 677 1060 .
725 1027 1020 1106 oportet
1069 1015 1264 1113 quod
1316 1011 1467 1111 ipse
1500 1010 1867 1110 intelligat
1907 1007 2142 1089 solum
2173 1033 2305 1110 per

733 1108 1053 1207 speciem
1107 1140 1265 1215 quae
1320 1112 1422 1192 est
1477 1115 1597 1194 sua
1650 1115 1998 1207 esseutia,
2049 1112 2120 1189 8<
2177 1135 2306 1211 per

725 1212 1183 1315 consequens.
1226 1219 1422 1317 quod
1456 1216 1836 1315 intelligat
1890 1217 1960 1292 se
2015 1232 2304 1292 tantum

723 1310 909 1393 ficut
957 1314 1288 1424 primum
1328 1316 1841 1405 intelleftunu
1895 1316 2312 1415 intelligen-

734 1416 839 1492 do
892 1435 1139 1496 tamen
1196 1420 1265 1497 se
1316 1473 1345 1513 ,
1413 1420 1789 1519 cognoscit
1839 1418 1983 1495 alia
2035 1471 2063 1512 ,
2139 1418 2315 1505 ficut

723 1515 938 1615 supra
989 1520 1189 1619 (cap.
1237 1520 1482 1617 x1v1.)
1534 1520 1909 1599 ostensum
1965 1518 2108 1614 est,
2160 1545 2316 1598 non

728 1617 970 1697 solum
1038 1639 1289 1704 autem
1356 1620 1559 1702 atius
1603 1679 1629 1716 ‚
1704 1623 1822 1701 sed
1946 1621 2312 1716 mennas,

725 1718 804 1797 8<
858 1723 1344 1821 privationes.
1406 1728 1505 1803 Et
1541 1726 1660 1804 hic
1708 1724 1808 1801 est
1897 1724 2103 1802 ensus
2153 1748 2312 1802 ver-

736 1819 1005 1903 borum
1087 1852 1311 1928 quem
1405 1827 1881 1927 Philosophus
1953 1826 2164 1926 ponit
2238 1825 2318 1903 in

736 1926 882 2003 111.
935 1929 1026 2007 de
1075 1930 1354 2009 Anima
1405 1930 1434 2027 (
1487 1946 1659 2008 text.
1693 1954 1884 2009 com.
1939 1953 2110 2007 xxv.
2165 1928 2320 2026 >di-

728 2036 961 2107 censi
1009 2039 1173 2146 ⁴‘Aut
1203 2033 1550 2130 quomodo
1597 2029 1877 2147 malfam
1930 2027 2320 2144 cognoscit,

733 2140 2322 2343 Ξῖῖῃέξῗιῗῒοζηῧὲἵῗανὸἷοῖιῖἱωαηῖἔὲἑ

728 2346 1156 2443 ⁴petenham
1209 2332 1347 2430 effe
1397 2329 1814 2432 cognosbens
1839 2391 1865 2430 ,
1916 2331 2012 2409 Θ
2067 2329 2200 2427 effe
2237 2356 2318 2409 m

731 2430 896 2532 upsb
929 2490 950 2511 .
1018 2434 1103 2515 si
1167 2463 1348 2514 vero
1403 2433 1648 2515 ‚alicui
1720 2461 1864 2511 non
1922 2429 2106 2533 inest
2155 2459 2313 2511 con-

724 2533 1053 2615 trarium
1081 2593 1108 2633 ,
1159 2536 1450 2631 scilicet
1507 2536 1587 2615 in
1632 2533 2027 2637 potentin,
2057 2531 2150 2629 fi?
2203 2533 2231 2613 ἰ
2285 2578 2315 2593 -

709 2633 893 2736 sum
920 2639 1320 2820 bqssgnofhit
1370 2696 1399 2738 ,
1468 2640 1565 2720 <9⁴
1621 2636 1790 2717 aclu
1841 2633 1946 2740 est
1980 2689 2008 2735 ,
2057 2636 2159 2715 δ’
2191 2551 2311 2735 fe-

787 2767 919 2818 τινα
964 2772 990 2818 ι
1079 2800 1101 2821 .

719 2758 1108 3024 isai?
1160 2839 2310 3046 ‘'ssestqzzssfiffsss‘s

1115 3002 1140 3042 a
1552 3003 1580 3042 ν
2285 2988 2315 3003 “

734 3064 1003 3143 quatur
1074 3050 1274 3148 quod
1343 3048 1759 3127 intellectus
1810 3047 1940 3146 qui
1994 3045 2093 3122 est
2150 3060 2304 3123 tan·

731 3161 901 3224 tum
954 3147 1035 3226 in
1086 3148 1252 3229 abiu
1304 3207 1331 3250 ,
1383 3149 1591 3228 nullo
1641 3148 1868 3227 modo
1916 3145 2307 3246 cognoscat

733 3247 1286 3371 privationem}
1333 3251 1453 3368 sed
1504 3250 1752 3329 sensus
1786 3246 1886 3326 est
1939 3249 2135 3348 quod
2159 3272 2314 3324 non

730 3349 2076 3565 33333533332331133133.4333
2099 3349 2314 3547 3235*

723 3579 860 3656 per
913 3556 1054 3636 hoc
1105 3561 1301 3660 quod
1352 3555 1727 3658 cognoscit
1779 3553 1849 3632 se
1893 3551 2174 3654 ipsum,
2223 3552 2301 3630 &

734 3658 835 3735 est
891 3658 1170 3759 semper
1220 3659 1432 3739 astu.

838 3761 1113 3842 Rursus
1164 3759 1797 3861 sciendum,quod
1850 3757 2127 3840 fiDeus
2156 3757 2300 3836 hoc
2366 3789 2399 3820 s

733 3864 966 3942 modo
1017 3862 1086 3940 se
1142 3862 1377 3963 ipsum
1418 3863 1910 3963 cognosceret,
1934 3862 2130 3961 quod
2180 3884 2297 3937 co·

727 3965 1150 4070 gnoscendo
1202 3965 1274 4043 se
1311 3990 1462 4042 non
1483 3964 1948 4065 cognosceret
1999 3963 2146 4041 alia
2179 3987 2300 4039 en·

724 4073 835 4151 tia
856 4125 882 4164 ,
934 4093 1092 4170 quae
1147 4066 1312 4146 sunt
1343 4066 1805 4169 particularia
1842 4070 2082 4161 bona,
2137 4063 2292 4143 nul·

725 4173 811 4251 lo
833 4174 1059 4252 modo
1090 4170 1560 4272 cognosceret
1592 4168 2129 4270 privationem,
2169 4182 2296 4246 aut

723 4274 1046 4351 malum:
1101 4276 1277 4374 quia
1303 4275 1503 4352 bono
1535 4272 1736 4373 quod
1755 4270 1853 4348 est
1891 4268 2087 4370 ipse,
2141 4293 2295 4347 non

590 4428 592 4430 .
721 4372 828 4453 est
877 4375 1122 4474 aliqua
1190 4375 1509 4475 privatio
1576 4371 1902 4474 oppofita
1959 4396 1985 4461 ς
2061 4394 2296 4471 quum

721 4475 1092 4579 privatio,
1142 4478 1214 4574 ὃς
1266 4478 1477 4556 suum
1518 4475 1930 4576 oppositum
1983 4470 2121 4550 sint
2172 4496 2298 4548 na-

723 4596 802 4669 ta
841 4580 994 4657 'esse
1044 4578 1238 4659 circa
1292 4580 1533 4669 idem,
1587 4580 1659 4658 δε
1715 4576 1807 4656 fic
1836 4576 1906 4655 ei
1960 4575 2157 4675 quod
2199 4571 2301 4650 est

718 4679 927 4760 aRus
978 4708 1198 4782 purus
1245 4737 1271 4776 ,
1343 4680 1546 4759 nulla
1617 4679 1938 4778 privatio
1988 4674 2294 4777 opponi-

605 4846 629 4868 .
723 4798 844 4862 tur
892 4838 920 4874 ‚
970 4801 1046 4863 et
1099 4808 1231 4884 per
1281 4784 1732 4884 consequens
1781 4806 1917 4859 nec
1970 4778 2297 4857 malum.

720 4887 948 4965 Unde
999 4942 1026 4981 ,
1095 4885 1327 4987 polito
1401 4887 1605 4988 quod
1647 4887 1895 4961 'Deus
1950 4881 2017 4957 se
2070 4881 2306 4960 solum

711 4988 1106 5093 cognoscat
1120 5044 1148 5090 ,
1171 5083 1176 5086 v
1198 4985 1703 5091 cognoscendo
1778 4986 2060 5065 bonum
2109 4984 2311 5082 quod

1352 380 1489 448 DE
1543 378 2128 449 vr-:RlTATE
2186 375 2490 443 CATH
2529 373 2935 442 OLICAE
2994 375 3313 442 FIDE!

2396 495 2498 577 est
2551 499 2702 601 ipse
2751 555 2780 599 ,
2859 526 3014 581 non
3086 503 3554 604 cognosceret
3621 504 3958 598 malum

2397 599 2516 681 sed
2566 602 2740 703 quia
2821 604 3328 705 cognoscendo
3376 607 3448 684 se
3487 659 3516 702 ,
3585 606 3961 706 cognoscit

2400 704 2629 784 etiarn
2678 706 2879 785 entia
2962 707 3045 786 in
3096 705 3362 807 quibus
3410 720 3594 789 natae
3647 710 3809 789 sunt
3856 706 3961 786 es-

2402 805 2474 882 se
2528 807 2974 906 privationes
3002 864 3027 905 ,
3081 810 3360 888 necesse
3410 809 3510 887 est
3565 825 3645 891 ut
3694 834 3966 909 cogno-

2406 907 2556 988 scat
2682 908 3076 990 rivationes
3141 912 3500 1010 oppofitas
3540 967 3567 1008 ,
3640 927 3718 989 et
3767 911 3967 988 mala

2403 1034 2600 1110 oppo
2627 1027 2729 1089 ita
2780 1012 3333 1112 particularibus
3384 1015 3597 1093 bonis
3619 1070 3637 1089 .

2509 1110 2904 1192 Sciendum
2956 1114 3182 1193 etiam
3214 1169 3241 1210 ,
3288 1117 3486 1215 quod
3540 1115 3718 1195 ficut
3772 1118 3974 1194 Deus

2405 1213 2675 1315 absque
2728 1216 3039 1295 discursu
3093 1215 3506 1297 intellecotus
3534 1216 3978 1317 cognoscen-

2412 1318 2510 1394 do
2562 1317 2674 1414 se,
2725 1316 3106 1418 cognoscit
3133 1319 3323 1414 alia,
3375 1336 3456 1397 ut
3493 1318 3697 1420 supra
3748 1316 3983 1397 osten-

2417 1418 2575 1496 sum
2630 1417 2821 1514 est3·
2856 1420 2959 1503 ita
3012 1446 3163 1499 non
3214 1438 3505 1520 oportet
3572 1422 3773 1522 quod
3823 1418 3981 1519 ejus

2416 1522 2751 1620 cognitio
2817 1519 2908 1599 sit
2956 1521 3340 1600 discurfiva
3377 1576 3402 1616 ‚
3474 1522 3521 1598 s1
3601 1547 3728 1623 per
3783 1523 3980 1600 bona

2412 1623 2790 1723 cognoscit
2815 1621 3048 1700 mala:
3105 1649 3280 1725 nam
3321 1624 3603 1703 bonum
3654 1622 3757 1701 est
3783 1622 3982 1723 quast

2414 1726 2607 1805 ratio
2655 1724 3104 1824 cognitionis
3157 1726 3338 1804 mali
3391 1781 3416 1822 ,
3471 1752 3646 1804 curn
3699 1727 3984 1806 malum

2418 1827 2612 1906 nihil
2681 1824 2768 1905 fit
2818 1826 3017 1905 aliud
3097 1853 3322 1928 quam
3376 1826 3696 1928 privatio
3750 1829 3979 1909 boni:

2420 1930 2614 2009 unde
2693 1927 3229 2028 cognoscuntur
3297 1930 3491 2009 mala
3563 1955 3690 2029 per
3745 1932 3933 2007 bona
3956 1988 3985 2029 ‚

2420 2031 2601 2111 ficut
2652 2056 2763 2110 res
2816 2055 2942 2129 per
2997 2032 3148 2109 suas
3201 2032 3683 2111 diffinitiones
3726 2087 3753 2128 ‚
3829 2057 3988 2111 non

2423 2131 2600 2210 ficut
2651 2129 3141 2210 conclusiones
3195 2156 3321 2229 per
3355 2133 3754 2230 principia.
3812 2138 3989 2213 Nec

2420 2232 2647 2309 etiam
2694 2232 2784 2307 ad
2838 2230 3476 2328 imperfefflonem
3543 2232 3811 2310 divinae
3862 2257 3985 2312 co-

2420 2330 2775 2432 gnitionis
2827 2332 3067 2432 cedit,
3119 2331 3168 2409 si
3210 2335 3403 2410 mala
3456 2340 3583 2431 per
3636 2333 3985 2432 privatio-

2415 2458 2591 2510 nem
2666 2433 3035 2511 bonorum
3109 2433 3543 2532 cognoscit:
3601 2434 3774 2533 quia
3830 2460 3984 2513 ma·

2416 2534 2575 2615 lum
2624 2558 2779 2612 non
2828 2535 3095 2613 dicitur
3136 2537 3319 2631 esse,
3372 2534 3505 2613 nifi
3538 2534 3983 2635 inquantum

2411 2636 2512 2715 est
2581 2634 2903 2736 privatio
2974 2637 3151 2715 boni
3203 2666 3223 2715 :
3300 2638 3493 2715 unde
3577 2638 3977 2716 secundum

2414 2738 2610 2819 hunc
2663 2736 2901 2816 solum
2955 2740 3263 2817 modurn
3314 2737 3414 2816 est
3454 2739 3974 2839 cognoscibile:

2411 2865 2590 2920 nam
2666 2842 3239 2943 unumquodque
3328 2861 3689 2941 quantum
3758 2841 3981 2922 habet·
4072 2913 4081 2917 ,

2405 2943 2775 3124 {liei-effeq
2843 2960 3131 3022 tantum
3178 2943 3407 3023 habet
3456 2946 3547 3024 de
3597 2942 3978 3046 cognosci-

2516 3060 2704 3123 ltate
2735 3099 2755 3121 .

2669 3167 2725 3230 c
2809 3169 2871 3231 A
2961 3165 3009 3226 Ρ
3094 3167 3153 3228 u
3239 3164 3303 3226 T
3468 3116 3761 3228 Lxxu.

2817 3246 2993 3332 Quod
3031 3250 3186 3307 Deus
3217 3244 3293 3323 fit
3336 3246 3531 3307 volens
3547 3286 3565 3307 .

2731 3331 2784 3392 1.
2829 3332 2997 3391 Part.
3038 3325 3218 3407 quaest.
3262 3345 3403 3389 xxx.
3448 3344 3556 3387 art.
3604 3345 3660 3387 1.

2402 3452 2906 3642 EXpeditis
2958 3449 3069 3530 his
3120 3475 3280 3549 quae
3329 3449 3419 3527 ad
3462 3447 3701 3527 divini
3754 3446 3969 3528 intel-

2584 3554 2808 3634 leS‘cus
2827 3552 3332 3654 cognitionem
3351 3551 3716 3647 pertinent
3729 3602 3754 3643 ‚
3768 3573 3966 3628 nunc

2265 3685 2272 3686 ⁷
2402 3661 2615 3735 restat
2667 3656 3110 3735 considerare
3186 3654 3273 3728 de
3329 3651 3475 3727 Dei
3528 3649 3906 3727 voluntate
3942 3709 3963 3729 .

2518 3785 2577 3834 1.
2637 3761 2751 3834 Ex
2802 3758 2941 3833 hoc
2994 3753 3196 3830 enim
3236 3751 3435 3851 quod
3489 3747 3690 3829 Deus
3738 3746 3966 3828 estin·

2402 3859 2742 3958 telligens
2790 3912 2819 3952 ,
2895 3852 3213 3954 sequitui·
3283 3852 3478 3952 quod
3534 3850 3616 3930 fit
3666 3850 3961 3932 volenS.

2402 3967 2598 4041 Cum
2669 3958 2872 4036 enim
2955 3959 3235 4035 bonurn
3328 3952 3787 4033 intellestum
3875 3953 3963 4035 fit

2395 4061 2775 4167 proprium
2827 4057 3200 4157 objefflum
3252 4056 3692 4150 voluntatis,
3744 4081 3956 4156 opor-

2400 4184 2505 4245 tet
2555 4165 2753 4265 quod
2790 4164 3071 4241 bonum
3097 4158 3601 4256 intellefitum,
3652 4159 3958 4260 inquan-

2396 4286 2556 4348 tum
2612 4264 3026 4359 huiusmodi
3075 4319 3103 4357 ,
3157 4261 3241 4340 sit
3290 4261 3609 4343 volitum
3644 4318 3664 4338 .
3737 4260 3960 4341 Intel-

2397 4367 2675 4449 lefflum
2730 4383 2977 4444 autem
3026 4363 3314 4443 *dicitur
3382 4367 3474 4444 ad
3543 4363 3960 4464 intelligen-

2403 4489 2593 4550 tem.
2650 4467 2962 4547 Necesse
3016 4466 3115 4545 est
3170 4465 3397 4565 igitur
3446 4470 3642 4570 quod
3695 4465 3965 4545 intelli-

2402 4598 2581 4675 gens
2635 4572 2959 4664 bonum,
3013 4570 3449 4669 inquantum
3503 4566 3965 4662 huiusmodi,

2397 4676 2482 4755 fit
2534 4673 2823 4753 volens.
2878 4674 3083 4751 Deus
3136 4689 3383 4751 autem
3435 4671 3786 4772 intelligit
3837 4670 3966 4749 bo-

2405 4800 2644 4856 num:
2700 4800 2874 4856 cum
2931 4773 3139 4851 enim
3193 4771 3276 4852 fit
3328 4771 3646 4874 perfeste
3698 4769 3968 4852 intelli·

2408 4902 2633 4979 gens,
2684 4895 2768 4956 ut
2819 4902 2909 4955 ex
2958 4874 3379 4977 supradietis
3430 4876 3455 4972 (
3511 4874 3884 4977 cap.xl1v.
3936 4867 3973 4968 )

2407 4996 2653 5084 patet,
2705 4977 3063 5085 intelligit
3113 5002 3240 5061 ens
3292 4976 3506 5062 fimul
3557 5002 3733 5060 cum
3753 4974 3971 5053 ratio-

3870 5093 3976 5172 ne,
