4597 5696
1356 336 1941 401 CONTRA
2027 333 2798 404 GEN‘rtLr-:s'
2867 325 3297 405 L‘1'·'B.-11.
3786 354 3898 417 ης

690 427 889 528 casus
942 439 1168 544 potest
1220 440 1360 517 esse
1413 439 1514 536 (a)
1567 433 2021 515 distinE'tivus
2070 493 2089 513 .
2343 437 2466 517 sua
2521 435 3202 527 intentione,⁷curn
3251 434 3378 513 sua
3413 436 3667 517 virtus
3736 438 3897 518 infi-

808 578 871 645 ς.
929 545 1237 624 Adhuc.
1289 544 1485 619 Cum
1539 538 1846 633 materia
1909 536 1993 615 sit
2043 538 2237 638 prin·
2340 541 2497 617 nita
2551 538 2679 634 fit,
2735 555 2814 615 ut
2857 537 3313 636 *suprassgih
3349 541 3402 615 1.
3426 562 3582 636 cap.
3605 541 3894 635 x1111.)

668 641 1023 750 ”cipium,
1073 644 1145 722 8(
1196 642 1403 722 causa
1456 666 1697 717 rerum
1758 638 2155 717 casualium
2207 694 2234 736 ,
2336 641 2694 720 ostensum
2749 639 2846 716 est
2900 695 2917 714 .
2960 675 2972 726 ·.
3008 640 3326 761 Oportet
3395 637 3626 738 igitur
3698 645 3898 742 quod

690 771 778 830 ut
829 746 1187 826 ostensum
1241 744 1339 820 est
1394 798 1418 838 ,
1470 744 1550 821 i'n
1603 766 1859 820 eorum
1914 738 2233 820 faeiione
2338 741 2575 821 forma
2629 733 3189 843 univerfixfltffiaf
3235 745 3401 819 Deo
3437 742 3786 837 -intenta,
3820 744 3896 822 8(

693 847 927 954 potest
980 848 1119 924 effe
1169 845 1368 925 casus
1420 870 1576 944 qua:
1632 869 1723 921 ex
1772 844 2078 920 materia
2120 867 2238 942 ge·
2342 846 2608 924 volita:
2662 868 2813 921 non
2865 841 2966 919 est
3040 841 3268 939 igitur
3315 868 3360 919 a
3410 841 3573 921 casu
3625 872 3657 922 .·
3726 844 3896 928 casu

694 966 1078 1033 nerantur.
1131 946 1515 1026 Ostensum
1570 945 1666 1021 est
1738 963 1984 1022 autern
2034 945 2240 1045 supra
2342 948 2548 1024 enim
2600 945 2914 1024 dicimus
2965 944 3104 1020 ess'e
3155 969 3311 1043 quae
3343 964 3596 1041 praeter
3649 945 3886 1025 inten-

700 1057 728 1152 (
775 1063 939 1152 cap.'
980 1051 1202 1146 xv1.)
1252 1052 1446 1147 quod
1500 1048 1732 1147 prima
1786 1070 2030 1124 rerum
2080 1072 2241 1146 pro·
2345 1047 2625 1127 tionem
2682 1048 2843 1125 sunt
2893 1046 3178 1145 agentis
3231 1103 3248 1122 .
3321 1048 3592 1124 Forma
3642 1064 3895 1127 autem

699 1153 952 1233 duffio
1007 1152 1083 1228 in
1136 1152 1317 1244 efl'e,
1371 1174 1520 1226 non
1574 1147 1672 1223 est
1724 1172 1815 1225 ex
1871 1149 2180 1226 materia
2217 1207 2235 1225 .

705 1261 798 1338 In
849 1280 933 1332 ea
985 1253 1210 1354 igitur
1259 1250 1456 1329 casus
1509 1248 1756 1328 locum
1810 1249 2077 1328 habere
2106 1276 2256 1329 non

702 1355 939 1460 potest
980 1412 999 1431 .
1054 1358 1369 1453 Oportet
1441 1370 1686 1429 autem
1769 1355 1963 1451 quod
2020 1353 2286 1452 prima»

703 1483 947 1539 rerum
1042 1452 1427 1554 produciio
1522 1479 1694 1530 cum
1793 1453 2255 1532 distineiione

698 1560 1140 1652 fuerit‚cum
1194 1555 1428 1633 multa
1482 1555 1954 1632 inveniantur
2007 1557 2087 1632 in
2143 1582 2253 1633 re-

705 1665 842 1742 bus
895 1658 1154 1737 creatis
1209 1682 1366 1760 quae
1457 1681 1692 1755 neque
1767 1681 1854 1734 ex
1929 1657 2255 1735 invicem

705 1777 1145 1866 generantur
1196 1813 1224 1854 ‚
1297 1781 1531 1858 neque
1602 1781 1695 1833 ex
1770 1757 2022 1856 aliquo
2102 1784 2255 1836 uno

705 1862 1090 1948 communi
1141 1914 1169 1955 ‚
1242 1859 1419 1957 quia
1470 1883 1620 1936 non
1670 1859 2119 1936 conveniunt
2173 1860 2253 1937 in

709 1964 1014 2045 materia
1066 2018 1085 2038 .
1165 1962 1348 2038 Non
1435 1959 1533 2036 est
1621 1960 1845 2057 igitur
1924 1961 2252 2058 poffibile

709 2067 906 2170 quod
957 2086 1201 2140 rerum
1253 2058 1622 2138 distinerio
1675 2059 1757 2138 fit
1810 2087 1851 2137 a
1904 2060 2066 2139 casu
2119 2119 2138 2138 .

814 2196 883 2264 4.
941 2169 1172 2244 Item.
1225 2160 1456 2240 Causa
1509 2186 1636 2261 per
1688 2162 1756 2237 se
1794 2217 1820 2258 ,
1890 2164 2087 2261 prior
2156 2161 2252 2240 est

713 2295 801 2346 ea
851 2291 1012 2366 quae
1065 2262 1162 2339 est
1234 2287 1361 2361 per
1412 2263 1743 2340 accidens
1784 2320 1803 2338 .
1880 2264 1955 2343 Si
2032 2264 2257 2361 igitur

715 2368 1107 2472 posteriora
1163 2362 1296 2441 sint
1351 2388 1393 2439 a
1445 2363 1654 2441 causa
1708 2389 1834 2463 per
1906 2366 1974 2443 se
2028 2366 2258 2442 deter-

713 2472 1043 2564 minata,
1096 2465 1620 2543 inconveniens
1669 2465 1767 2542 est
1797 2467 2036 2554 dicere
2072 2467 2260 2565 prio-

715 2598 798 2650 ra
848 2570 986 2647 esse
1040 2592 1082 2643 a
1133 2565 1341 2645 causa
1395 2591 1520 2664 per
1572 2567 1905 2645 accidens
1955 2567 2262 2646 indeter-

716 2672 1043 2750 minata:
1093 2666 1488 2745 Distinelio
1539 2686 1788 2744 autem
1826 2693 2069 2744 rerum
2094 2692 2260 2765 prae-

718 2769 912 2850 cedit
963 2766 1389 2846 naturaliter
1440 2787 1729 2843 motum
1782 2820 1807 2858 ‚
1889 2768 1964 2843 8(
2015 2792 2258 2866 opera-

720 2873 959 2950 tiones
1007 2892 1290 2945 rerum:
1345 2866 1826 2947 determinati
1865 2868 2067 2945 enim
2109 2893 2263 2945 rno-

640 3040 647 3045 ,
722 2991 840 3051 tus
892 3024 919 3064 ,
976 2970 1054 3048 8(
1107 2968 1562 3068 operationes
1608 2968 1798 3048 -sunt
1850 2994 2093 3048 rerum
2147 2971 2263 3048 de-

720 3072 1275 3155 terminatarum
1298 3125 1321 3162 ,
1361 3071 1431 3147 8(
1451 3068 1947 3151 distinctarum
1970 3101 1991 3164 ς
2025 3089 2265 3153 motus

724 3193 1020 3270 autern,
1070 3171 1143 3249 8(
1192 3172 1645 3269 operationes
1714 3195 1956 3253 rerum
2010 3175 2173 3255 sunt
2222 3199 2267 3250 a

723 3273 947 3359 causis
998 3296 1127 3373 per
1163 3271 1281 3367 se,
1332 3272 1405 3349 8(
1456 3275 1956 3354 determinatis
1994 3329 2021 3369 ,
2091 3300 2263 3352 cum

730 3375 1200 3456 inveniantur
1247 3391 1373 3451 aut
1426 3375 1750 3473 semper,
1803 3394 1928 3452 aut
1982 3376 2062 3454 in
2116 3375 2262 3473 plu-

729 3478 927 3557 ribus
1004 3500 1095 3553 ex
1166 3474 1307 3553 suis
1376 3475 1600 3555 causis
1701 3478 1960 3554 eodem
2048 3476 2275 3553 modo

732 3578 1165 3681 procedere.
1223 3578 1428 3675 Ergo
1477 3579 1551 3655 8(
1603 3575 1977 3655 distinstio
2028 3601 2271 3653 rerum

729 3678 831 3760 est
883 3704 927 3756 a
975 3675 1183 3755 causa
1231 3701 1361 3776 per
1412 3678 1483 3756 se
1533 3731 1560 3773 ,
1610 3679 1682 3765 8(
1735 3678 2215 3757 determinata
2249 3731 2276 3772 ,

734 3782 809 3860 &
863 3805 1015 3859 non
1065 3804 1109 3855 a
1160 3778 1322 3857 casu
1383 3833 1410 3873 ,
1480 3780 1611 3881 qui
1655 3778 1783 3857 :est
1864 3779 2073 3859 causa
2146 3804 2275 3880 per

634 3908 643 3917 ·
732 3881 1064 3962 accidens
1116 3879 1676 3960 indeterminata
1728 3938 1749 3961 .
1832 3972 1833 3977 Ν

845 4008 905 4081 ς.
962 3980 1310 4080 Amplius
1340 4038 1360 4056 .
1412 3985 1824 4080 Cujuslibet
1872 3984 1978 4062 rei
2031 4009 2272 4086 proce-

728 4083 968 4162 dentis
1020 4083 1114 4158 ab
1164 4100 1428 4180 agente
1476 4108 1606 4185 per
1656 4085 2158 4182 intelleGium,
2198 4088 2271 4165 8(

731 4186 1193 4263 voluntatem
1244 4236 1272 4277 ‚
1341 4181 1580 4262 forma
1659 4187 1758 4265 est
1827 4190 1922 4267 ab
2009 4207 2271 4288 agente

736 4286 1055 4363 intenta.
1116 4282 1273 4383 Ipsa
1323 4305 1583 4366 autem
1622 4290 2049 4368 univerfitas
2089 4314 2281 4368 crea-

736 4402 1066 4464 turarum
1122 4387 1369 4464 Deum
1422 4389 1642 4469 habet
1694 4391 2112 4485 au&orem‚
2149 4393 2278 4494 qui

734 4485 839 4577 est
895 4508 1120 4584 agens
1167 4506 1298 4585 per
1352 4490 1856 4588 voluntatem,
1925 4494 1999 4570 8(
2068 4494 2280 4573 intel-

736 4585 1061 4685 leRum,
1112 4604 1195 4666 ut
1242 4612 1334 4693 ex
1355 4591 1779 4693 praemissis(
1804 4597 2286 4695 cap.xx111.)

2342 1148 2652 1227 univerfi
2708 1138 3024 1227 confi'stit
3077 1147 3155 1224 in
3208 1146 3668 1226 distinffione
3720 1203 3747 1243 ,
3816 1150 3893 1228 8(

2327 1253 2614 1350 sordine
2667 1249 2984 1349 partium
3038 1247 3231 1345 eius.
3286 1251 3473 1327 Non
3527 1248 3625 1328 est
3680 1251 3906 1351 igitur

2356 1350 2725 1432 distinffio
2778 1375 3020 1429 rerum
3075 1376 3120 1427 a
3170 1349 3392 1428 casu.

2464 1461 2532 1534 6.
2594 1453 2855 1533 Adhuc
2897 1510 2914 1529 .
2972 1454 3054 1532 Id
3124 1455 3320 1552 quod
3381 1453 3490 1531 rest
3540 1456 3822 1533 bonum
3877 1507 3907 1551 ‚

2357 1558 2429 1635 8(
2487 1556 2856 1655 optimum
2913 1554 2992 1631 in
3044 1552 3352 1650 effefflu,
3405 1554 3503 1633 est
3555 1555 3724 1636 finis
3745 1581 3906 1657 pro·

2355 1656 2721 1737 duciionis
2754 1654 3007 1771 ipfius.
3063 1659 3203 1735 Sed
3239 1653 3515 1736 bonurn
3542 1711 3567 1750 ‚
3617 1659 3688 1736 8(
3714 1657 3905 1757 opti-

2357 1784 2567 1837 mum
2670 1756 2985 1854 universi
3071 1755 3389 1836 confistit
3473 1758 3554 1835 in
3644 1759 3903 1836 ordine

2354 1861 2673 1959 partium
2728 1857 2941 1957 ipfius
2990 1858 3081 1936 ad
3135 1858 3516 1954 invicem,
3570 1859 3700 1960 qui
3753 1857 3902 1936 fine

2354 1958 2816 2038 distinciione
2860 1963 2998 2037 elle
3033 1985 3183 2038 non
3217 1962 3443 2059 potest
3481 1991 3499 2038 ε
3553 1985 3681 2060 per
3704 1961 3901 2039 hunc

2357 2064 2558 2139 enim
2615 2061 2947 2139 ordinem
3003 2061 3421 2139 universum
3494 2063 3570 2139 in
3625 2062 3744 2138 sua
3798 2079 3905 2142 to·

2358 2164 2638 2242 talitate
2657 2161 3162 2255 constituitur,
3216 2188 3375 2261 quae
3400 2161 3498 2240 est
3534 2163 3909 2262 optimum

2361 2264 2613 2363 ipfius,
2671 2264 2827 2362 Ipse
2882 2263 3109 2362 igitur
3158 2265 3339 2342 ordo
3377 2265 3695 2363 partium
3750 2262 3911 2339 uni·

2361 2363 2591 2458 verli,
2643 2364 2714 2442 8(
2767 2363 3136 2444 distinfflo
3189 2390 3440 2444 earum
3481 2419 3507 2460 ,
3589 2363 3685 2442 est
3740 2363 3907 2443 finis

2364 2463 2861 2568 produci-ionis
2911 2465 3271 2570 univerfi:
3332 2492 3481 2545 non
3532 2465 3630 2543 est
3684 2464 3913 2565 igitur

2364 2566 2732 2645 distinctio
2781 2591 3026 2645 rerum
3078 2593 3121 2642 a
3172 2566 3380 2645 casu.

2473 2671 2688 2745 Hanc
2737 2684 2985 2744 autem
3042 2668 3431 2746 veritatem
3485 2667 3680 2746 sacra
3719 2661 3911 2745 Scri-

2364 2785 2574 2868 ptura
2627 2765 3049 2866 profitetur,
3102 2787 3184 2846 ut
3235 2786 3434 2869 patet
3487 2765 3785 2846 Genefis
3850 2791 3912 2844 1.

2364 2871 2494 2947 ubi
2545 2894 2717 2947 cum
2774 2869 3017 2969 primo
3068 2870 3398 2949 dicatur:
3487 2883 3578 2952 In
3638 2868 3919 2971 princi·
4041 2944 4046 2953 .

2354 2971 2484 3071 pio
2539 2971 2828 3049 creavit
2859 2981 3061 3051 Deus
3113 2974 3365 3051 caelum
3386 3028 3413 3070 ,
3462 2975 3558 3051 (θ’
3598 2994 3912 3053 terram:

2370 3071 2773 3173 subiungit:
2831 3070 3132 3174 Divisit
3189 3085 3387 3155 Deus
3438 3076 3675 3155 lucem
3728 3101 3776 3152 a
3808 3094 3913 3153 te-

2370 3177 2647 3253 nebris:
2701 3176 2772 3251 &
2829 3174 2922 3255 fic
2974 3179 3062 3253 de
3116 3177 3321 3256 aliis:
3379 3194 3460 3255 ut
3495 3203 3644 3255 non
3676 3175 3913 3252 solum

2369 3300 2609 3353 rerum
2663 3278 2938 3355 creatio
2983 3330 3008 3371 ‚
3063 3277 3181 3356 sed
3235 3280 3460 3355 etiarn
3512 3300 3757 3354 rerum
3808 3275 3911 3351 di-

2370 3374 2660 3455 stinffio
2709 3403 2753 3452 a
2815 3382 2982 3454 Deo
3033 3379 3172 3453 efl'e
3224 3377 3684 3469 ostendatur,
3757 3397 3916 3451 non

2374 3476 2660 3570 acasu,
2715 3477 2831 3553 sed
2869 3476 3062 3574 quali
3093 3480 3415 3572 bonum,
3453 3478 3526 3554 8(
3550 3475 3924 3574 optimum

2367 3575 2728 3655 universi:
2786 3578 2973 3656 unde
3030 3578 3391 3657 subditur:
3450 3575 3677 3656 Vidit.
3714 3584 3919 3658 Deus

2379 3679 2637 3860 gum‘la
2690 3705 2843 3780 quae
2879 3675 3169 3780 fecerat
3199 3733 3226 3777 ,
3279 3681 3373 3760 (Ὺ
3428 3701 3644 3760 erant
3692 3673 3928 3756 valde

2425 3810 2562 3859 ona
2604 3839 2624 3860 .

2478 3886 2616 3966 Per
2665 3889 2804 3968 hoc
2870 3904 3118 3971 autern
3182 3888 3593 3969 excluditur
3658 3883 3920 3986 opinio

2373 3989 2840 4089 antiquorum
2895 3991 3419 4086 Naturalium,
3471 3987 3909 4090 ponentium

2374 4089 2663 4167 causam
2719 4093 3176 4170 materialem
3230 4092 3460 4171 solam
3510 4090 3584 4167 &
3636 4111 3861 4168 unam
3896 4138 3927 4179 ‚

2373 4213 2462 4268 ex
2523 4202 2659 4270 'ua
2730 4195 2986 4272 omnia
3055 4193 3329 4272 fiebant
3409 4191 3708 4271 raritate
3759 4243 3788 4283 ,
3853 4186 3931 4266 8(

2383 4294 2524 4371 den
2554 4312 2762 4373 itate:
2821 4296 2953 4375 hos
3005 4296 3208 4374 enim
3264 4296 3542 4373 neceffe
3595 4291 3695 4371 est
3741 4291 3937 4370 dice·
4031 4302 4038 4308 ’

2383 4419 2511 4489 re,
2582 4394 3126 4477 distineiionem
3198 4422 3441 4477 rerum
3496 4450 3552 4490 ,.
3607 4419 3785 4496 quas
3827 4391 3944 4506 ‘in

2384 4498 2725 4576 universo
2773 4501 3110 4578 videmus
3158 4554 3187 4594 ,
3262 4524 3415 4577 non
3483 4521 3575 4577 ex
3629 4496 3936 4589 alicujus

2384 4600 3254 4680 ordinantis-intentione
3308 4597 3764 4701 provenisse,
3817 4592 3940 4671 sed

743 4705 1008 4791 patet3
1083 4714 1220 4768 nec
1289 4690 1369 4768 in
1437 4693 1712 4775 virtute
1797 4696 1921 4773 sua
1968 4694 2288 4778 defefflus
2391 4723 2480 4776 ex
2533 4702 2858 4782 materiae
2913 4701 3218 4783 fortuito
3267 4721 3477 4781 motu
3506 4760 3524 4777 .
3580 4695 3943 4781 Similiter

742 4791 1017 4893 aliquis
1065 4792 1208 4872 esse
1258 4792 1492 4894 potest
1540 4851 1568 4892 ‚
1618 4814 1702 4875 ut
1754 4796 1849 4876 fic
1901 4795 2192 4878 deficiat
2239 4826 2287 4879 a

2389 4800 2618 4881 etiam
2671 4806 3081 4886 excluditur
3133 4805 3392 4907 opinio
3446 4798 3866 4978 Demgcrl'lji
3915 4852 3946 4892 2

3824 4921 3950 4974 eu-

743 4986 3967 5069 m

778 5054 894 5128 (ι)
932 5058 1019 5110 Al.
1063 5053 1336 5117 assianus
1369 5091 1386 5111 .
