4597 5696
1332 330 1924 396 CONTRA
2010 326 2756 398 G'ENTILI-:s
2844 331 3234 400 L1·B.1.
3764 351 3840 399 ιι

646 434 771 517 vel
821 436 1086 519 desinit
1118 495 1147 536 ,
1196 461 1323 539 per
1373 451 1671 514 motum
1717 487 1743 528 ‚
1792 432 1915 510 vel
1967 449 2198 513 muta·
2305 439 2557 516 Omne
2608 453 2856 517 autem
2905 436 3380 514 necessarium
3450 431 3586 512 vel
3621 430 3848 513 habet

647 539 935 618 tionem
983 541 1123 618 hoc
1172 538 1449 639 patitur
1479 592 1498 612 .
1532 533 1920 614 Ostensum
1952 551 2199 614 autem
2236 596 2244 603 .
2301 539 2593 618 causam
2662 540 2798 618 suae
2849 535 3279 616 neceffitatis
3328 534 3622 613 aliunde
3645 589 3674 629 ‚
3723 533 3848 613 vel

644 638 748 717 est
803 645 1049 718 Deum
1101 642 1239 717 effe
1291 635 1604 718 omnino
1634 635 2196 713 immutabilem.
2298 666 2453 719 non
2489 695 2518 735 ‚
2587 640 2707 719 sed
2773 636 2873 716 est
2942 661 3071 736 per
3136 636 3207 713 se
3259 634 3849 735 ipsum-necessa·

648 737 780 817 Est
835 740 1065 838 igitur
1112 755 1417 821 aeternus
1457 793 1486 835 ‚
1534 760 1781 816 carens
1831 735 2199 838 principio
2301 743 2496 819 rimn
2531 798 2550 818 .
2629 744 2812 819 Non
2884 739 3284 817 ‹est-autem
3331 735 3717 838 procedere
3769 735 3852 815 in

641 840 718 919 8<
769 839 918 919 fine
957 896 978 917 .
2302 841 2678 920 infinitum
2747 841 2844 918 in·
2878 832 3296 918 necessariis·
3398 862 3505 918 uae
3574 835 3848 923 habent

749 967 815 1015 2.
872 945 1100 1020 Item.
1143 940 1282 1020 Illa
1330 938 1476 1021 sola
1527 953 1857 1039 tempore
1908 937 2196 1017 mensu·
2298 942 2586 1022 causam
2658 942 2793 1021 suae
2843 939 3275 1020 neceffitatis
3325 964 3367 1017 a
3402 939 3654 1020 'undea
3709 939 3846 1023 Ετς

640 1056 891 1117 rantur
941 1066 1098 1139 quae
1132 1058 1565 1137 moventur,
1615 1065 1707 1119 eo
1755 1039 1953 1138 quod
2002 1056 2186 1118 tem·
2258 1066 2388 1141 *go
2452 1058 2764 1144 oportet·
2809 1066 3082 1143 ponere
3148 1040 3445 1140 aliquod
3514 1039 3841 1137 primum

642 1164 774 1238 pus
829 1141 933 1218 est
986 1166 1325 1222 numerus
1377 1156 1619 1221 motus
1639 1195 1666 1237 ‚
1718 1156 1800 1217 ut
1852 1154 2051 1238 patet
2102 1140 2187 1221 in
2285 1145 2761 1223 necessarium
2800 1198 2827 1239 ‚
2895 1143 3097 1244 quod
3147 1140 3249 1218 est
3301 1150 3428 1238 per
3476 1139 3547 1216 se
3598 1139 3840 1237 ipsum

610 1245 778 1325 IV.
832 1241 1044 1344 Phys.
1067 1242 1284 1339 (text.
1334 1267 1606 1322 comm.
1627 1240 1741 1319 c1‘.
1766 1240 1792 1334 )
1814 1244 2015 1320 Deus
2067 1264 2190 1318 au·
2289 1246 2765 1325 neceffarimn
2782 1298 2810 1340 ,
2860 1259 2936 1322 et
2986 1245 3127 1322 hoc
3176 1240 3277 1318 est
3316 1244 3517 1320 Deus
3533 1293 3560 1333 ,
3659 1262 3841 1319 uum

639 1355 796 1452 tem
849 1341 952 1421 est
1022 1346 1335 1425 omnino
1380 1342 1648 1442 absque
1716 1356 1928 1420 motu
1979 1395 2007 1437 ,
2108 1356 2191 1421 ut
2288 1347 2391 1426 sit
2439 1348 2678 1446 prima
2723 1344 2934 1423 causa
2955 1399 2984 1439 ‚
3032 1358 3116 1422 ut
3152 1341 3431 1421 dictum
3479 1338 3584 1418 est
3681 1362 3842 1437 cap.

634 1464 790 1539 jam
842 1444 1227 1541 probatum
1262 1445 1361 1523 est
1414 1444 1722 1543 (cap.xr
1744 1468 1776 1518 1
1797 1442 1903 1544 1.)
1955 1446 2185 1522 Tem·
2282 1472 2376 1527 x1
2397 1475 2427 1525 1
2448 1448 2556 1546 1.)
2590 1447 2825 1546 Igitur
2862 1450 3062 1523 Deus
3090 1461 3395 1523 aeternus
3428 1439 3569 1535 est,
3603 1464 3839 1541 quum

636 1564 812 1640 pore
864 1542 1089 1641 igitur
1159 1571 1313 1624 non
1364 1545 1816 1622 mensuratur
1865 1571 1884 1620 ε
1959 1542 2187 1642 igitur

636 1641 717 1719 in
769 1640 925 1741 ipso
973 1669 1124 1722 non
1175 1646 1280 1724 est
1332 1646 1528 1746 prius
1580 1698 1609 1738 ‚
1660 1643 1779 1721 vel
1833 1642 2187 1741 posterius

636 1742 963 1841 accipere
1017 1769 1037 1818 ε
1106 1770 1258 1822 non
1331 1769 1510 1842 ergo
1560 1743 1780 1819 habet
1829 1743 1976 1819 esse
2026 1741 2188 1841 post

643 1868 795 1920 non
846 1841 1038 1939 esse,
1088 1868 1226 1920 nec
1275 1869 1429 1922 non
1480 1842 1627 1919 esse
1659 1841 1819 1939 post
1868 1840 2015 1918 esse
2067 1867 2190 1939 po-

639 1943 776 2020 test
828 1941 1093 2020 habere
1145 1997 1174 2037 ‚
1243 1968 1381 2022 nec
1430 1942 1675 2039 aliqua
1726 1941 2063 2019 succeffio
2113 1941 2223 2019 in'

633 2042 783 2120 esse
834 2043 1056 2141 ipsius
1108 2042 1427 2121 inveniri
1480 2040 1755 2140 potest,
1807 2042 1979 2139 quia
2032 2040 2184 2121 haec

631 2143 791 2221 sine
843 2159 1170 2240 tempore
1238 2139 1557 2239 intelligi
1629 2164 1781 2217 non
1855 2141 2179 2239 poffunt:

631 2240 733 2318 est
791 2241 1014 2339 igitur
1062 2266 1313 2321 carens
1363 2238 1728 2341 principio
1778 2291 1804 2330 ‚
1856 2257 1930 2317 et
1983 2238 2179 2333 fine,

632 2356 872 2419 totum
943 2342 1082 2421 effe
1150 2341 1361 2419 suum
1427 2338 1648 2418 simul
1700 2339 1971 2418 habens
2020 2394 2050 2437 ‚
2100 2340 2181 2417 in

629 2466 781 2542 quo
831 2442 1020 2520 ratio
1069 2440 1490 2520 aeternitatis
1539 2437 1863 2519 consistit
1884 2497 1905 2518 .

742 2571 806 2641 3.
864 2543 1163 2621 Adhuc.
1219 2542 1295 2621 Si
1337 2546 1535 2621 Deus
1586 2540 1978 2640 aliquando
2028 2565 2181 2619 non

633 2639 778 2720 fuit
801 2697 827 2737 ‚
878 2658 951 2720 et
1001 2641 1463 2741 postmodum
1514 2638 1654 2719 fuit
1688 2694 1715 2736 ‚
1784 2644 1878 2718 ab
1930 2643 2180 2740 aliquo

633 2743 928 2822 eductus
978 2743 1076 2820 est
1130 2744 1217 2821 de
1271 2768 1424 2821 non
1473 2744 1610 2819 effe
1664 2742 1941 2819 ineffe.
1998 2746 2182 2821 Non

633 2862 879 2921 autem
931 2870 975 2922 a
1027 2844 1097 2921 se
1149 2840 1354 2943 ipso,
1402 2841 1575 2944 quia
1624 2843 1821 2943 quod
1869 2869 2020 2922 non
2053 2841 2180 2935 est,

634 2969 790 3021 non
889 2945 1066 3024 otest
1118 2945 1398 3044 aliquid
1446 2967 1659 3042 agere
1710 3000 1730 3020 .
1801 2943 1878 3024 Si
1930 2962 2177 3023 autem

636 3046 732 3120 ab
783 3068 825 3120 a
859 3044 971 3139 io,
1025 3046 1205 3124 illud
1257 3044 1356 3123 est
1391 3045 1589 3144 prius
1638 3068 1771 3136 eo3
1820 3044 2180 3123 ostensum

633 3143 737 3223 est
789 3161 1035 3222 autem
1068 3151 1314 3223 Deum
1364 3147 1501 3222 effe
1527 3144 2181 3243 pslmam·causam.

639 3245 830 3324 Non
902 3245 1127 3342 igitur
1192 3246 1331 3321 ess'e
1405 3243 1735 3341 incepit:
1811 3248 1999 3322 unde
2051 3270 2188 3324 nec

643 3346 783 3421 esse
834 3344 1146 3422 desinet:
1203 3343 1377 3443 quia
1426 3344 1624 3440 quod
1675 3342 1952 3443 semper
2003 3344 2190 3437 suit,

635 3444 862 3561 babet
911 3444 1265 3522 virtutem
1321 3442 1602 3543 semper
1664 3444 1933 3524 offendi
1968 3491 1990 3521 .
2065 3445 2191 3523 Est

646 3559 876 3643 igitur
925 3561 1265 3660 aeternus.
1439 3642 1456 3659 ⁹
1787 3643 1805 3661 ο

546 3715 549 3718 ·
643 3643 2196 3862 ςυξὼὲωξὲξρωἵιέἔὲῗέῗμᾴἒὲἕὲῑιῗέἓ

648 3871 802 3923 non
854 3848 1037 3940 este,
1090 3845 1363 3949 fcxhcet
1392 3848 1883 3943 generab1ha,
1933 3866 2008 3926 et
2041 3872 2194 3926 cor-

644 3946 1026 4045 ruptibilia
1078 4002 1098 4022 .
1203 3949 1451 4026 Omne
1506 3966 1753 4027 autem
1837 3950 2034 4047 quod
2083 3948 2184 4027 est

647 4046 980 4146 poffibile
1047 4047 1186 4125 effe
1226 4100 1253 4142 ‚
1331 4048 1620 4126 causam
1671 4050 1890 4128 habet
1921 4104 1975 4144 ‚.
2013 4052 2186 4148 quia

642 4169 873 4244 quum
923 4148 1016 4225 de
1084 4148 1154 4223 se
1204 4147 1574 4245 aequaliter
1645 4148 1715 4228 se
1783 4150 2042 4229 habeat
2093 4151 2185 4229 ad

646 4246 833 4340 duc,
885 4246 1158 4325 scilicet
1206 4249 1390 4342 ess‘e,
1440 4267 1516 4326 et
1564 4275 1715 4326 non
1745 4253 1927 4346 effe,
1977 4275 2184 4350 opor-

634 4359 797 4458 tet,
846 4345 908 4426 si
961 4348 1032 4425 ei
1082 4349 1579 4448 approprietur
1597 4351 1779 4446 effe,
1829 4353 2182 4450 quodhoc

643 4459 742 4524 srt
793 4468 882 4522 ex
946 4445 1189 4546 aliqua
1255 4449 1463 4526 causa
1502 4506 1527 4528 .
1592 4452 1737 4531 Sed
1804 4452 1885 4529 in
1954 4456 2186 4533 causis

642 4569 795 4623 non
866 4544 966 4622 est
1019 4549 1399 4644 procedere
1468 4550 1549 4629 in
1620 4551 1995 4631 infinitum
2027 4609 2055 4649 ‚
2106 4574 2190 4636 ut

634 4645 857 4745 -supra
907 4645 1104 4746 (cap.
1155 4649 1428 4746 x111.)
1476 4655 1863 4749 probatum
1913 4654 2011 4733 est
2065 4682 2192 4756 per

642 4747 1012 4826 rationem
1070 4747 1476 4832 Aristotelis
1525 4807 1546 4828 .
1650 4758 1853 4853 Ergo
1902 4774 2191 4856 oportet

635 4869 910 4949 ponere
960 4848 1242 4958 aliquid
1290 4852 1489 4953 quod
1522 4929 1525 4932 ,
1559 4853 1657 4938 sit
1702 4861 1980 4964 necesse
2029 4862 2186 4944 effe.
2218 4895 2253 4926 ⁸

2281 1573 2507 1627 omne
2557 1546 3028 1627 necessarium
3064 1569 3195 1643 per
3211 1544 3284 1621 se
3315 1544 3412 1622 sit
3461 1558 3840 1622 aeternum»

2397 1674 2459 1745 ς.
2488 1646 2825 1728 Ostendit
2858 1647 3087 1731 etiam
3108 1643 3528 1722 Aristoteles
3553 1656 3646 1721 ex'
3657 1642 3841 1721 sem·

2281 1748 2708 1847 piternitate
2759 1745 3111 1844 temporis
3183 1742 3835 1840 sempiternitatem

2291 1865 2534 1924 motus
2561 1900 2587 1941 ‚
2638 1870 2728 1923 ex
2776 1869 2927 1945 quo
2976 1844 3245 1920 iterum
3294 1841 3604 1920 ostendit
3654 1839 3838 1916 sem·

2290 1946 2792 2048 piternitatem
2811 1941 3213 2021 substantiae
3246 1939 3612 2020 moventis
3629 1994 3649 2016 .
3686 1938 3841 2024 Pri.-

2283 2071 2412 2123 ma
2481 2064 2730 2126 autem
2797 2043 3182 2122 substantia
3248 2065 3554 2129 movens
3627 2044 3837 2121 Deus

2284 2146 2513 2225 etiam
2586 2145 2688 2225 est
2719 2200 2740 2221 .
2824 2143 3057 2242 Igitur
3109 2142 3620 2240 sempiternus.
3675 2143 3836 2220 Ne-

2277 2266 2450 2346 gata
2522 2248 2727 2324 enim
2794 2242 3366 2342 sempiternitate
3437 2240 3789 2341 temporis

2280 2366 2361 2426 et
2411 2364 2653 2425 motus
2688 2399 2714 2438 ‚
2784 2344 3017 2422 adhuc
3086 2357 3413 2421 remanet
3495 2342 3685 2423 ratio
3737 2291 3852 2422 ad'

2280 2447 2929 2547 sempiternitatem
2973 2443 3399 2521 substantiae
3437 2470 3456 2514 τ
3531 2462 3709 2521 nam
3756 2438 3830 2556 sj
3886 2522 3897 2533 ,

2279 2567 2532 2627 motus·
2575 2547 2852 2645 incepit
2880 2599 2920 2659 ο,
2969 2561 3256 2658 oportet
3305 2543 3502 2657 quod
3549 2544 3653 2656 ab
3695 2540 3830 2619 ah-

2277 2676 2430 2750 quo
2480 2664 2823 2727 movente
2875 2662 3226 2742 inceperrt
3264 2672 3280 2715 :
3337 2666 3465 2755 qur
3515 2667 3579 2755 s}
3633 2664 3830 2751 mce-

2283 2749 2471 2852 perit
2503 2803 2531 2843 ‚
2582 2751 2675 2824 ab
2726 2746 3287 2843 aliquoagente
3331 2757 3615 2841 incepit
3653 2767 3672 2813 ε
3748 2752 3828 2820 et

2278 2853 2385 2931 sic
2436 2848 2555 2929 vel
2607 2847 2686 2926 in
2739 2844 3112 2923 infinitum
3165 2843 3390 2922 ibitur
3435 2896 3464 2938 ‚
3532 2839 3654 2920 vel
3705 2839 3828 2920 de,

2275 2952 2611 3031 venietur
2662 2950 2753 3026 ad
2771 2946 3050 3045 aliquid
3098 2946 3294 3043 quod
3326 2969 3477 3021 non
3527 2938 3827 3040 incepit.

2379 3052 2586 3133 Huic
2637 3066 2883 3128 autem
2933 3045 3229 3125 veritati
3278 3044 3531 3136 divina
3582 3055 3828 3120 aucto-

2282 3157 2457 3234 ritas
2473 3149 2974 3232 testimonium
2983 3147 3335 3258 perhibet3
3355 3144 3546 3256 unde
3563 3140 3825 3228 Psalm.

2286 3282 2401 3335 c1.
2467 3281 2577 3352 13.
2629 3261 2753 3329 Tu
2806 3271 3052 3327 autem
3109 3256 3428 3326 Domane
3496 3271 3580 3321 m
3627 3264 3831 3326 mer-

2293 3382 2470 3433 num
2515 3373 2935 3449 permanes:
2972 3363 3048 3427 et
3102 3348 3299 3424 idem
3353 3351 3469 3422 28.
3525 3351 3650 3455 qu.
3702 3367 3827 3417 au-

2293 3479 2446 3534 tem
2503 3452 2696 3530 idem
2751 3449 2902 3552 ipse
2952 3477 3080 3546 es,
3127 3449 3224 3528 (θ’
3281 3443 3463 3526 anni
3511 3466 3629 3530 tm
3679 3464 3827 3534 noto

2290 3552 2673 3650 deficient.
3601 3589 3608 3598 ·
3815 3597 3820 3610 -

2565 3687 2636 3779 c'
2705 3714 2767 3778 A
2850 3711 2899 3775 Ρ
2982 3714 3054 3777 u
3125 3711 3189 3774 τ
3349 3688 3536 3774 κνῐί
3811 3787 3824 3800 ,

2433 3835 2611 3923 Quod
2647 3838 2708 3898 in
2749 3839 2869 3897 Deo
2908 3857 3014 3896 non
3049 3833 3123 3911 sit
3155 3835 3402 3917 potentia
3434 3829 3695 3914 paffivae.

2418 3962 2448 4035 1
2501 3971 2747 4035 autem
2804 3961 3012 4042 Deus
3053 3972 3355 4034 aeternus
3405 3950 3549 4045 est,-
3596 3947 3864 4048 necesc,

2466 4057 2535 4134 se
2586 4056 2685 4136 est
2705 4057 2942 4157 ipsum
2991 4081 3145 4133 non
3179 4057 3319 4133 effe
3369 4053 3448 4132 in
3483 4052 3830 4151 potentia.-

2379 4185 2459 4234 ιι.
2515 4162 2764 4242 Omne
2798 4160 3002 4235 enim
3021 4157 3114 4234 dd
3165 4157 3245 4233 in
3270 4154 3472 4245 cuius
3524 4153 3839 4234 substan*

2284 4257 2392 4336 tia
2462 4258 2900 4337 admiscetur
2969 4255 3297 4356 potentia
3333 4310 3362 4347 ‚
3430 4256 3870 4358 secundum·

2286 4358 2361 4436 id
2412 4360 2607 4459 quod
2660 4361 2877 4437 habet
2953 4359 3044 4437 de
3095 4355 3422 4456 potentia
3470 4411 3499 4448 ‚
3599 4351 3834 4455 pdtest

2283 4461 2437 4539 non
2488 4461 2664 4538 ess'e:
2717 4461 2892 4559 quia
2937 4461 3134 4559 quod
3184 4458 3409 4560 potest
3461 4459 3654 4553 effe,
3705 4482 3829 4556 po·

2289 4562 2420 4639 test
2472 4587 2624 4640 non
2674 4566 2853 4641 elle.
2908 4567 3108 4640 Deus
3140 4579 3387 4642 autem
3439 4559 3830 4639 secundum

2293 4662 2378 4739 se·
2414 4689 2566 4741 non
2617 4664 2842 4765 potest
2867 4679 3025 4743 non
3046 4665 3232 4760 essex,
3278 4683 3454 4750 cum
3499 4663 3608 4744 sir
3649 4659 3833 4742 semae

2288 4763 2613 4864 piternus
2651 4823 2668 4842 .
2695 4770 2812 4844 ⁴In
2865 4771 3033 4852 Deo
3080 4765 3308 4869 igitur
3351 4789 3528 4858 non.
3555 4759 3660 4843 est
3705 4785 3833 4862 1³07

2288 4867 2521 4955 tentia
2568 4865 2664 4953 ad
2709 4870 2849 4951 efl'e
2865 4871 2902 4970 ς’
3181 4941 3188 4948 .
3357 4943 3364 4948 .
3687 4961 3816 5049 Ad

2577 5036 2588 5047 .
3567 4997 3637 5050 2.
3813 4995 3845 5021 ·
