4597 5696
1205 402 3193 478 ·coN‘1·r.AG‘1-:N·r11,ssstrn.1.
3757 397 3874 493 :29'

642 522 854 599 batur
904 519 983 596 in
1035 520 1172 598 ΙΙΙ.
1206 530 1281 594 et
1336 517 1441 593 in‘
1469 520 1563 594 V.
1588 513 1863 617 Physic.
1920 514 2181 594 etideo
2284 515 2716 609 attrahendo
2751 567 2779 608 .‚
2850 513 2973 592 vel
3050 515 3478 614 expellendo
3510 576 3530 598 .
3585 524 3671 602 Id
3721 528 3843 605 au²

644 620 1023 699 infinitum
1073 620 1154 696 in
1202 643 1354 696 uno
1402 640 1658 693 eorum
1727 612 1960 693 aufert
2018 639 2183 715 pro-
2283 632 2440 693 tem
2490 616 2687 716 quod
2738 614 3125 694 attrahitur
3148 669 3176 711 ,
3228 617 3347 694 vel
3400 644 3489 699 ex
3540 622 3786 702 ellitur
3815 675 3846 719 ‚

645 721 1063 822 portionem
1133 716 1422 809 finitam
1491 715 1569 792 in
1619 712 1781 793 aliis
1835 770 1853 789 .
1936 718 2023 793 In
2077 715 2190 794 his
2288 742 2444 794 non
2496 716 2575 793 in
2627 719 2883 795 eadem
2953 715 3415 814 dispositione
3508 745 3548 798 e
3619 722 3849 807 habet

643 836 894 900 autem
944 846 1103 919 quae
1152 832 1399 897 carent
1439 815 1986 914 magnitudine,
2038 840 2191 896 non
2289 816 2876 894 admoventem
2912 841 2958 892 a
3009 816 3372 917 principio
3422 839 3666 902 motus
3735 825 3843 903 us-

645 921 746 1000 est
801 921 1100 997 finitum
1143 973 1168 1013 ,
1236 933 1310 997 et
1363 916 1736 994 infinitum
1788 914 2188 1014 nisr.aequi-
2291 941 2435 1015 que
2505 919 2596 994 ad
2670 916 2900 994 finem
2949 969 2977 1011 ,
3041 942 3213 995 cum
3267 924 3700 1038 quandoque
3747 924 3840 1004 fit

642 1048 864 1101 voce:
918 1021 1105 1097 unde
1155 1018 1531 1134 praedictus
1583 1018 1841 1095 modus
1891 1018 2187 1094 demon·
2289 1016 2772 1116 propinquius
2789 1072 2815 1112 ‚
2866 1018 3302 1116 quandoque
3336 1040 3727 1118 remotius3
3761 1042 3840 1105 et

643 1120 906 1200 strandi
960 1120 1037 1197 in
1059 1121 1321 1197 talibus
1373 1118 1717 1218 potentiis
1754 1118 2000 1194 locum
2033 1142 2188 1195 non
2293 1117 2388 1196 fic
2440 1117 2729 1196 nullum
2779 1141 3037 1217 corpus
3077 1117 3304 1217 potest
3356 1146 3655 1200 movere
3679 1149 3838 1209 mo-,

644 1222 901 1299 habet.
962 1220 1201 1298 Aliter
1250 1239 1496 1297 autem
1549 1219 2057 1318 respondetur,
2111 1235 2186 1295 et
2288 1234 2368 1296 tu
2421 1219 2816 1313 continuo,
2870 1232 2946 1295 et
2995 1219 3309 1317 regulari
3349 1248 3374 1313 ε,
3428 1240 3669 1302 motus
3719 1248 3842 1303 au,

643 1322 953 1415 melius,
1005 1323 1200 1420 quod
1249 1321 1509 1398 caelum
1563 1320 1782 1397 habet
1832 1320 2011 1397 duos
2034 1341 2187 1395 mo·
2224 1350 2227 1351 ⁷
2297 1336 2451 1395 tem
2503 1319 2781 1419 primus
2830 1317 2930 1396 est
2980 1321 3369 1399 continuus
3402 1376 3429 1415 ‚
3507 1339 3584 1402 et
3632 1346 3842 1422 regu,

647 1439 879 1514 tores,
932 1447 1160 1498 unum
1211 1421 1673 1520 proximum,
1724 1420 1852 1519 qui
1904 1416 2005 1496 est
2029 1417 2192 1494 fini·
2292 1418 2464 1499 laris
2503 1478 2529 1517 ‚
2609 1439 2692 1498 ut
2742 1422 3085 1520 probatur
3150 1420 3230 1498 in
3287 1424 3503 1500 VIII.
3558 1422 3838 1526 Phyfic.

641 1541 732 1600 tae
785 1521 1121 1618 virtutis,
1193 1539 1269 1600 et
1335 1524 1429 1598 ab
1516 1522 1656 1598 hoc
1722 1520 1943 1597 habet
1994 1545 2092 1618 qu
2290 1519 2783 1617 (atext.com.
2836 1520 3376 1619 bot111.usque
3428 1522 3837 1605 adlxxvri.

642 1639 886 1700 motus
937 1621 1088 1716 ejus
1140 1622 1241 1699 fit
1277 1620 1500 1699 finita‘.
1568 1618 1982 1697 velocitatis
2017 1673 2046 1712 ‚
2116 1635 2191 1698 et
2294 1619 2642 1698 inclusive
2675 1676 2695 1697 .
2750 1620 2779 1717 )
2853 1626 2883 1697 l
2942 1620 3088 1697 itur
3159 1645 3464 1702 movens
3513 1624 3841 1722 primum

640 1724 872 1802 alium
924 1740 1338 1812 remotum,
1388 1720 1518 1818 qui
1571 1719 1670 1796 est
1723 1718 2024 1797 infinitae
2042 1718 2185 1795 vir·
2296 1736 2588 1796 motum
2638 1744 2792 1798 non
2843 1743 2883 1794 e
2992 1730 3251 1817 corpus
3304 1774 3325 1795 .
3823 1770 3834 1797 2

643 1823 822 1903 tutis
856 1875 882 1917 ‚
934 1845 979 1897 a
1026 1844 1176 1918 quo
1227 1822 1446 1895 habet
1494 1820 1692 1916 quod
1741 1835 1983 1894 motus
2035 1815 2186 1909 eius
2403 1845 2514 1893 10.
2575 1823 2801 1895 Item.
2858 1816 3129 1896 Nullus
3166 1836 3409 1898 motus
3456 1822 3586 1919 qui
3626 1822 3725 1900 est
3740 1825 3834 1903 ad

641 1923 854 2024 possit
904 1922 1043 1997 effe
1098 1918 1399 1997 infinitae
1452 1916 1886 1995 durationis.
1941 1917 2043 1993 Et
2089 1913 2182 1993 sic
2289 1915 2564 2012 finem,
2615 1919 2745 2017 qui
2781 1917 2948 1995 exit
2969 1920 3057 1996 de
3092 1919 3420 2016 potentia
3452 1922 3542 1999 ad
3558 1942 3837 2020 actum,

643 2038 847 2123 patet
922 2021 1119 2119 quod
1191 2016 1517 2116 potentia
1589 2015 1878 2093 infinita
1910 2069 1937 2109 ,
2023 2040 2181 2113 quae
2287 2015 2518 2115 potest
2571 2019 2711 2094 efl‘e
2760 2033 3187 2117 perpetuus:
3241 2018 3412 2118 quia
3462 2046 3634 2100 cum
3683 2047 3843 2122 per,-

617 2147 793 2200 --non
845 2118 945 2197 est
997 2120 1077 2193 in
1128 2117 1632 2214 magnitudine
1665 2170 1693 2208 ,
1745 2113 1974 2214 potest
2025 2139 2181 2191 mo·
2287 2131 2596 2193 ventum
2624 2114 2843 2194 fuerit
2892 2119 2984 2195 ad
3032 2134 3338 2211 actum,
3364 2139 3605 2200 motus
3637 2124 3842 2222 quie*

639 2244 813 2300 vere
853 2240 1121 2315 'corpus
1172 2241 1323 2303 non
1376 2214 1798 2293 immediate
1868 2215 1949 2291 in
2000 2231 2182 2292 tem-
2291 2214 2458 2293 scit.
2515 2214 2594 2293 Si
2643 2239 2822 2314 ergo
2872 2234 3113 2296 motm
3164 2218 3440 2316 primus
3511 2221 3608 2298 est
3681 2232 3836 2321 per.

628 2340 818 2422 'pore
870 2347 893 2405 ς
947 2319 1066 2396 sed
1118 2316 1443 2415 potentia
1511 2342 1668 2414 quae
1743 2313 1842 2391 est
1902 2313 1982 2390 in
2033 2338 2183 2391 ma·
2285 2331 2544 2415 petuus
2584 2368 2610 2410 ‚
2684 2332 2972 2414 oportet
3036 2320 3233 2415 quod
3304 2317 3387 2397 fit
3455 2322 3545 2400 ad
3612 2321 3844 2402 finem

636 2419 1029 2521 ‘gnitudine
1047 2477 1076 2516 ‚
1125 2432 1414 2516 oportet
1464 2417 1659 2513 quod
1699 2428 1995 2492 moveat
2032 2428 2186 2492 cor·
2288 2413 2418 2514 qui
2491 2414 2577 2494 fit
2645 2415 2925 2592 semper
2959 2472 2985 2512 ‚
3063 2434 3139 2495 et
3188 2420 3559 2499 omnibus·
3601 2424 3844 2509 modis

639 2547 775 2622 pus
830 2518 1293 2611 immediate,
1346 2540 1575 2614 quum
1590 2515 1878 2593 nullum
1928 2539 2186 2613 corpus
2291 2516 2397 2592 in'
2422 2531 2625 2596 actu.
2679 2520 2798 2599 Ta
2826 2542 2868 2593 e
2920 2536 3169 2597 autem
3218 2543 3371 2597 non
3388 2518 3491 2595 est
3540 2521 3841 2621 aliquod

638 2638 941 2701 moveat
992 2618 1122 2696 nili
1155 2635 1475 2695 motum:
1535 2618 1723 2693 unde
1765 2615 2191 2709 fimoveret,
3560 2620 3576 2634 ·

640 2722 1056 2822 sequeretur
1107 2719 1300 2817 quod
1320 2734 1649 2794 moveret
1698 2741 1849 2793 non
1904 2715 1984 2792 in
2002 2730 2184 2794 tem÷
2295 2740 2470 2814 pore
2518 2769 2547 2809 ‚
2631 2741 2808 2794 cum
2874 2717 3128 2795 omnia
3211 2714 3622 2813 hujusmodi
3699 2720 3840 2802 smt

2293 2640 2552 2715 corpus
2579 2670 2606 2711 ‚
2658 2641 2896 2715 neque
2963 2617 3206 2716 aliqua
3277 2618 3504 2696 virtus
3555 2645 3640 2699 in
3686 2643 3849 2707 cor,-
3978 2652 3991 2664 ·

641 2848 856 2924 pore.
911 2818 1148 2900 Potest
1199 2818 1428 2896 adhuc
1455 2816 1715 2895 melius
1767 2816 1962 2910 dici,
2001 2815 2196 2914 quod

645 2922 973 3023 potentia
1024 2945 1180 3018 qua:
1235 2945 1383 2996 non
1414 2917 1618 2994 estin
1661 2916 2194 3016 magnitudine,

645 3021 749 3101 est
800 3021 1208 3098 intellectus
1238 3074 1264 3113 ,
1337 3036 1412 3096 et
1462 3036 1713 3096 movet
1764 3042 1892 3117 per
1939 3015 2196 3094 volun·

646 3139 939 3202 tatem:
1013 3122 1203 3196 unde
1279 3136 1541 3195 movet.
1594 3119 1996 3196 secundum
2049 3116 2195 3193 exi*

648 3221 978 3321 gentiam
1033 3218 1355 3310 mobilis,
1379 3217 1451 3292 8<
1490 3243 1638 3293 non
1659 3218 2046 3293 secundum
2098 3216 2200 3311 (a)

648 3321 1176 3424 proprietatem
1277 3316 1412 3392 suae
1503 3316 1828 3393 virtutiS.
1935 3318 2202 3391 Poten-

648 3422 754 3501 tia
803 3437 1049 3497 autem
1102 3442 1258 3517 quae
1310 3414 1411 3492 est
1484 3415 1562 3491 in
1615 3413 2119 3513 magnitudine
2170 3466 2196 3505 ,

650 3546 804 3601 non
857 3518 1087 3620 potest
1132 3539 1438 3594 movere
1524 3514 1659 3592 nifi
1734 3539 1860 3613 per
1911 3511 2203 3590 necesti-

650 3639 886 3702 tatem
956 3638 1225 3696 naturae
1277 3670 1305 3712 ,
1383 3615 1554 3715 quia
1644 3616 2030 3714 probatum
2096 3608 2204 3687 est

655 3721 859 3821 quod
928 3716 1338 3797 intellectus
1411 3741 1562 3793 non
1651 3713 1751 3797 est
1820 3713 2051 3791 virtus
2124 3713 2203 3789 in

640 3843 998 3920 corpore,
1050 3819 1220 3917 quia
1272 3834 1347 3893 et
1398 3814 1490 3894 fic
1524 3831 1777 3893 movet
1827 3815 1915 3892 de
1968 3812 2203 3891 neces-

653 3921 856 3998 fitate
877 3973 904 4014 ‚
960 3918 1352 3997 secundum
1375 3915 1472 4010 (b)
1525 3915 2041 4014 proprietatem
2061 3914 2198 3991 suae

654 4019 1115 4120 quantitatis:
1173 4018 1364 4094 unde
1418 4015 1773 4113 sequitur,
1826 4013 1878 4090 fi
1920 4031 2200 4107 movet,

657 4122 854 4217 quod
906 4135 1201 4196 moveat
1252 4117 1335 4191 in
1388 4113 1713 4191 instanti.
1790 4115 2201 4194 Secundum

658 4217 800 4296 hoc
852 4241 1075 4316 ergo,
1129 4214 1428 4292 remotis
1451 4214 1805 4313 praedictis
1856 4212 2202 4310 objectio·

662 4317 893 4496 Ribuf·
932 4370 961 4410 ‚
1041 4315 1363 4415 procedit
1434 4313 1950 4394 demonstratio
2038 4312 2205 4394 Ari-

725 4433 844 4495 Ote
877 4441 936 4493 Is
988 4471 1006 4489 .

2297 2814 2604 2930 mobilia
2657 2840 2785 2930 per
2834 2816 2907 2896 se
2931 2872 2959 2912 ,
3005 2818 3128 2895 vel
3179 2841 3307 2917 per
3354 2819 3722 2901 accidens.
3779 2824 3848 2906 I»-

2298 2934 2497 3016 grtur
2548 2916 2714 2994 finis
2765 2918 2988 3017 primi
3038 2936 3284 2998 motus
3330 2945 3482 2997 non
3534 2920 3634 2997 est
3684 2944 3842 2999 cor·

2298 3042 2472 3117 pus,
2525 3043 2760 3116 neque
2811 3019 3042 3097 virtus
3095 3020 3174 3096 in
3224 3044 3524 3118 corpore
3568 3078 3587 3098 .
3640 3021 3851 3103 Finis

2301 3136 2548 3196 autem
2600 3118 2823 3218 primi
2876 3136 3118 3199 motus
3171 3119 3277 3197 est
3327 3121 3654 3218 primum
3693 3149 3852 3202 mo.-

2301 3243 2481 3294 vens
2533 3220 2728 3316 quod
2779 3238 3033 3296 movet
3086 3220 3263 3298 ficut
3311 3220 3792 3300 defideratum
3824 3279 3847 3301 .

2308 3319 2475 3393 Hoc
2527 3335 2774 3394 autem
2852 3319 2956 3396 est
3030 3323 3280 3397 Deus.
3352 3323 3554 3398 Deus
3623 3323 3856 3419 igitur

2304 3438 2542 3513 neque
2613 3416 2717 3492 est
2793 3442 3052 3515 corpus
3094 3470 3120 3511 ‚
3192 3440 3433 3515 neque
3485 3421 3715 3498 virtus
3769 3423 3852 3504 in

2305 3538 2642 3612 corpore.
2698 3517 3096 3613 Quamvis.
3139 3534 3384 3594 autem
3453 3517 3716 3598 falsum
3765 3521 3854 3600 fit

2308 3612 2699 3692 secundum
2752 3615 2973 3693 fidem
2997 3615 3317 3694 nostram
3371 3621 3568 3715 quod
3609 3636 3854 3702 motus

2303 3715 2478 3797 coeli
2533 3713 2618 3795 fit
2669 3735 3095 3817 perpetum,
3148 3733 3228 3795 ut
3270 3715 3459 3795 infra
3509 3719 3536 3816 (
3564 3722 3662 3799 II.
3687 3722 3855 3801 Lib.

2304 3841 2457 3916 cap.
2509 3841 2773 3895 xxxvr.
2829 3832 2904 3896 et
2956 3818 3120 3897 Lib.
3181 3822 3314 3896 IV.
3389 3845 3545 3920 cap.
3596 3824 3855 3921 νυ..)

2310 3918 2593 4020 patebit
2615 3947 2649 4014 ,·
2701 3935 2952 3996 tamen
3001 3943 3258 3997 verum
3313 3918 3416 3997 est
3469 3924 3666 4018 quod
3702 3948 3859 4001 mo·

2305 4035 2418 4096 tus
2472 4018 2597 4094 ille
2649 4044 2800 4096 non
2852 4019 3095 4097 deficit
3123 4043 3360 4118 neque
3398 4039 3688 4120 propter
3723 4023 3860 4102 im·

2304 4117 2707 4217 potentiam
2788 4120 3094 4196 motoris
3130 4173 3156 4212 ‚
3233 4144 3472 4217 neque
3563 4141 3857 4221 propter

2303 4217 2845 4315 corruptionem
2880 4218 3281 4294 substantiae
3303 4219 3605 4300 mobilis
3625 4276 3647 4314 ‚
3682 4246 3859 4303 cum

2321 4342 2475 4395 non
2527 4316 2856 4394 videatur
2907 4336 3150 4396 motus
3200 4317 3358 4396 caeli
3412 4345 3542 4419 per
3591 4323 3869 4402 diutur-

2311 4418 2623 4526 nitatem
2693 4417 3041 4515 temporis
3103 4418 3493 4499 lentescere
3545 4480 3564 4497 .
3642 4425 3868 4504 Unde

776 4542 842 4614 9.
897 4512 1239 4610 Amplius
1283 4571 1302 4591 .
1396 4512 1669 4593 Nullus
1755 4528 1998 4594 motus
2081 4513 2213 4614 qui
2314 4518 2958 4596 demonstrationes
3010 4519 3359 4618 praedictae
3438 4522 3646 4603 suam
3707 4523 3864 4602 effi-

673 4615 779 4698 cst
833 4643 874 4693 a
926 4632 1273 4691 movente
1320 4638 1669 4728 corporeo
1717 4669 1745 4709 ,
1796 4612 2025 4714 potest
2077 4616 2217 4692 effe
2317 4618 2597 4697 caciam
2647 4644 2801 4697 non
2852 4621 3159 4718 perdunt
3176 4679 3194 4698 .

656 4716 1097 4805 ‘continuu3‚
1150 4730 1225 4790 et
1264 4716 1609 4811 regularis
1627 4770 1652 4808 ,
1703 4740 1797 4793 eo
1845 4717 2041 4814 quod
2059 4741 2215 4795 mo-

672 4841 852 4899 vens
900 4814 1271 4913 corporale
1327 4814 1406 4890 in
1456 4830 1664 4895 motu
1711 4814 1927 4895 locali
1967 4831 2220 4896 movet
2280 4821 2709 4916 ‚concordat
2756 4821 3009 4902 divina
3057 4825 3443 4903 auctoritas
3478 4879 3498 4901 .
3569 4823 3868 4906 Dicitur

754 5047 1081 5068 s———----—·
1176 5052 1263 5061 οη

761 5072 856 5142 (ι)
886 5071 971 5130 ΔΙ.
1006 5055 1410 5142 proportionem

2417 4718 2625 4797 'Huic
2678 4736 2925 4797 autem
2975 4723 3268 4802 veritati
3354 4723 3864 4808 demonstratae

2958 4989 2969 4998 .
3717 4948 3872 5000 au-

2301 5015 3826 5156 W
