4597 5696
354 4855 472 4944 ,η

657 376 742 440 ‚4
1279 334 1420 413 1513
1481 338 2062 410 vssnr‘rA‘rE
2121 337 2845 408 cATHochE
2904 343 3229 412 From

650 466 861 551 causa
910 456 1053 551 esti
1127 456 1204 539 3<
1275 456 1371 537 ffc
1456 453 1776 531 liberum
1844 455 2063 533 habet
2115 476 2227 534 ra·
2443 487 2501 537 1.
2557 461 2725 537 Deo
2776 456 2983 535 enim
3033 451 3584 538 convenit‘esse
3636 456 3896 542 volen-

646 572 935 653 tionem
988 558 1139 660 ejus
1189 558 1393 662 quod
1443 554 1542 635 est
1597 580 1725 656 per
1777 553 1888 636 se.
1946 556 2227 637 Volun-
2332 574 2488 640 tem
2518 610 2545 657 ‚
2598 559 3041 661 inquantum
3092 554 3191 635 est
3234 556 3662 660 intelligens
3704 618 3733 659 ‚
3810 578 3895 644 ut

649 691 761 753 tas
810 686 1058 746 autem
1112 664 1356 765 primo
1409 656 1631 747 habet
1659 657 2085 738 libertatem
2139 661 2222 739 in
2323 663 2689 742 ostensum
2741 660 2839 740 est
2892 660 3095 761 (cap.
3146 648 3344 755 xirv.
3395 660 3472 738 δι
3513 662 3711 763 xlv.)
3764 665 3898 747 Est

649 773 972 873 agendo:
1031 761 1484 867 inquantum
1547 759 1750 838 enim
1805 758 2221 841 voluntarie
2325 782 2573 844 autem
2629 757 3054 862 intelligens
3088 784 3215 861 per
3238 756 3615 842 essentiam
3665 766 3901 869 suam,

651 876 814 977 agit
863 872 1074 974 quiS,
1124 869 1389 948 dicitur
1441 858 1671 942 libere
1710 889 1925 965 agere
1966 891 2219 966 quam·
2320 882 2406 946 ut
2456 869 2662 968 supra
2713 864 3103 967 probatum
3155 862 3253 940 est
3283 915 3303 938 .
3364 865 3566 966 Ergo
3614 868 3895 951 volens:

651 1000 972 1076 cumque
992 971 1399 1052 aciionem.
1454 961 1710 1046 Primo
1746 966 1977 1066 igitur
2005 968 2220 1068 ‘agen-
2323 967 2424 1048 est
2498 969 2729 1069 igitur
2797 964 3138 1047 voluntas
3212 962 3438 1063 Dei,
3522 965 3674 1069 ipsa
3746 971 3901 1073 ejus

654 1080 721 1160 ti
775 1074 1099 1157 maxime
1149 1069 1512 1171 competit
1580 1090 1711 1169 per
1764 1070 2229 1149 voluntatem
2331 1072 2628 1153 effentia
2658 1123 2676 1148 .

655 1205 921 1282 agere,
973 1173 1094 1259 cui
1146 1175 1476 1257 maxime
1546 1172 1907 1271 competit
1977 1198 2107 1275 per
2159 1172 2230 1251 se
2439 1203 2507 1252 2.
2563 1171 2865 1253 Adhuc.
2921 1166 3126 1251 Sicut
3162 1163 3577 1271 intelligere
3620 1171 3721 1252 est
3743 1197 3904 1276 per-

656 1306 914 1387 agere.
2335 1275 2561 1356 feffio
2639 1271 3166 1373 intelligentiS,
3238 1270 3343 1349 ita
3413 1275 3489 1351 8<
3559 1276 3753 1355 velle
3804 1276 3911 1359 est

667 1428 674 1443 ·
767 1392 836 1461 8.
891 1377 1275 1479 Amplius.
1328 1368 1594 1465 Finis,
1644 1369 1718 1453 8<
1757 1399 1981 1478 agens
2034 1370 2230 1457 adfi-
2335 1373 2690 1481 perfeffio
2764 1374 3138 1454 volentis:
3230 1393 3627 1477 utrumque
3697 1378 3911 1461 enim

660 1508 840 1566 nem
865 1536 893 1580 ‚
942 1482 1230 1582 semper
1277 1477 1494 1557 unius
1528 1475 1804 1558 ordinis
1846 1481 2235 1558 inveniunae
2339 1480 2439 1562 est
2491 1475 2688 1562 aciio
2741 1476 2819 1556 in
2872 1491 3134 1577 agente
3188 1500 3538 1574 manens,
3589 1505 3745 1559 non
3780 1508 3906 1563 au-

660 1602 783 1669 tur
835 1585 916 1664 in
965 1584 1220 1662 rebus:
1256 1580 1450 1658 unde
1502 1576 1575 1654 8<
1631 1575 1798 1659 finis
1834 1583 2239 1698 proximus,
2339 1601 2497 1664 tem
2546 1580 2891 1661 tranfiens
2946 1579 3023 1655 in
3077 1576 3356 1678 aliquid
3411 1583 3744 1680 paffum,
3820 1584 3907 1663 fi-

661 1689 800 1790 qui
852 1685 952 1764 est
1004 1683 1602 1787 proportionatus
1625 1701 1918 1780 agenti,
1974 1681 2237 1762 incidit
2336 1703 2463 1766 cut
2512 1680 2938 1764 calefaffiO.
2992 1681 3132 1759 Sed
3183 1679 3598 1783 intelligere
3624 1684 3773 1765 Dei
3803 1685 3907 1767 est

664 1792 753 1871 in
807 1790 1005 1868 idem
1058 1784 1292 1889 specie
1344 1807 1535 1899 cum⁸
1587 1800 1852 1883 agente
1922 1801 2081 1863 tam
2154 1785 2237 1862 in
2339 1786 2492 1885 ejus
2543 1786 2682 1864 effe
2713 1839 2740 1880 ‚
2790 1799 2873 1863 ut
2925 1782 3134 1882 supra
3208 1780 3239 1880 (
3292 1804 3446 1886 cap.
3498 1808 3822 1869 xxvm.
3877 1789 3912 1889 )

668 1890 1165 1986 naturalibus,
1217 1910 1441 1988 quam
1516 1911 1598 1964 in
1667 1885 2168 1967 artificialibus
2220 1912 2239 1967 t
2345 1888 2735 1992 probatum
2788 1883 2930 1983 est3
2982 1910 3074 1963 eo
3124 1887 3323 1983 quod
3372 1908 3547 1966 curn
3616 1893 3755 1970 effe
3805 1894 3912 1973 di-

670 2020 851 2074 nam
903 1991 1141 2071 forma
1193 1989 1371 2068 artis
1410 2042 1437 2083 ‚
1511 2010 1639 2087 per
1703 2013 1932 2088 quam
1982 1987 2243 2069 artifex
2345 1993 2611 2071 vinum
2663 1988 2750 2068 fit
2780 1986 3171 2067 secundum
3199 1987 3268 2066 se
3285 1988 3913 2091 perfeffissimum,

669 2098 828 2197 agit
852 2150 879 2191 ‚
949 2093 1049 2171 est
1119 2090 1388 2192 species
1463 2083 1717 2167 formae
1786 2116 1945 2190 quae
2014 2091 2112 2170 est
2168 2092 2250 2168 in
2350 2094 2637 2172 nullam
2689 2089 3324 2190 supervenientem
3382 2089 3913 2191 perfeE'tionem

669 2194 983 2276 materia
1020 2247 1045 2288 ‚
1117 2215 1278 2291 quae
1346 2185 1447 2265 est
1517 2186 1687 2268 finis
1754 2187 2105 2285 artificis3
2173 2193 2250 2270 8<

672 2296 917 2377 forma
970 2293 1165 2394 ignis
1193 2290 1661 2409 generantis,
1711 2316 1857 2392 qua
1896 2292 2094 2391 agit,
2147 2290 2246 2371 est

669 2398 993 2499 ejusdem
1046 2392 1308 2497 speciei
1360 2413 1532 2470 cum
1588 2388 1827 2472 forma
1881 2394 2074 2492 ignis
2126 2418 2247 2494 ge·-

671 2502 861 2597 niti‚
913 2524 1072 2601 qua‘.
1126 2494 1229 2579 est
1280 2492 1447 2573 finis
1483 2495 1977 2594 generationis
2003 2550 2023 2574 .
2079 2501 2247 2576 Deo

668 2616 926 2684 'autem
977 2599 1170 2680 nihil
1197 2594 1662 2678 coordinatur
1693 2596 1887 2698 quafi
1928 2597 2248 2693 eiusdem

671 2703 955 2788 ordinis
1025 2701 1164 2783 nisi
1235 2699 1455 2802 ipset,
1528 2699 1709 2780 alias
1762 2701 1986 2779 essent
2036 2699 2244 2801 plura

672 2811 958 2913 prima,
1008 2804 1214 2905 cujus
1264 2797 1716 2884 contrarium
1752 2801 2113 2884 ostensum
2142 2801 2244 2882 est

669 2910 888 3011 supra
966 2908 991 3006 (
1046 2933 1201 3006 cap.
1255 2927 1479 2983 x111.
1538 2900 1564 3001 )
1640 2911 1670 2984 I
1729 2906 1798 2984 se
1871 2905 2096 3006 igitur
2147 2903 2247 2984 est

680 3013 1014 3113 primum
1066 3029 1287 3106 agens
1339 3024 1633 3105 propter
1719 3031 1934 3100 nem,
1987 3003 2114 3104 qui
2148 3001 2249 3085 est

680 3116 711 3194 i
765 3114 1047 3191 semet:
1130 3106 1279 3208 ipse
1350 3105 1579 3205 igitur
1649 3132 1805 3186 non
1859 3106 2092 3185 solum
2147 3103 2248 3187 est

677 3141 856 3296 fipnis
904 3205 1364 3314 appetibiliS‚
1418 3204 1538 3286 sed
1589 3226 1980 3311 appetens,
2033 3227 2115 3287 ut
2142 3207 2248 3289 ita

679 3316 974 3408 dicam,
1044 3310 1116 3391 se
1185 3305 1413 3389 finem
1443 3363 1471 3402 ‚
1523 3310 1596 3388 8<
1650 3309 1979 3412 appetitu
2031 3311 2245 3390 intel.

677 3414 1023 3512 ῙεξὶιιαΙί,
1073 3436 1249 3493 cum
1301 3409 1388 3489 fit
1438 3405 1861 3512 intelligens
1882 3469 1909 3511 ‚
1962 3408 2093 3512 qui
2144 3412 2245 3494 est

677 3521 1058 3603 voluntaS.
1112 3513 1241 3596 Est
1294 3509 1521 3614 igitur
1555 3510 1635 3593 in
1666 3519 1830 3593 Deo
1881 3515 2262 3596 voluntas..

786 3627 1007 3704 Hanc
1058 3632 1309 3697 autem
1389 3612 1538 3695 Dei
1613 3616 2076 3695 voluntatem
2144 3618 2242 3696 sa-

681 3746 821 3806 erae
876 3721 1258 3835 Scripturae
1311 3714 1723 3795 testimonia
1774 3716 2238 3796 confitentur:

2352 2193 2722 2286 admittit,
2772 2206 2855 2267 ut
2907 2188 3114 2290 supra
3163 2189 3523 2270 ostensum
3576 2193 3676 2272 est
3704 2253 3724 2273 .
3781 2198 3913 2277 Est

2350 2290 2580 2391 igitur
2630 2293 2704 2370 8(
2757 2287 3104 2370 divinum
3152 2291 3346 2369 velle
3375 2347 3401 2388 ‚
3455 2295 3592 2373 effe
3647 2294 3912 2395 ipfius:

2350 2419 2533 2495 ergo
2575 2392 2918 2474 voluntas
2973 2388 3121 2470 Dei
3197 2392 3296 2472 est
3350 2393 3505 2494 ejus
3572 2398 3869 2476 essentia
3891 2456 3916 2479 .

2460 2524 2523 2602 3.
2577 2493 2959 2595 Amplius.
3011 2498 3208 2572 Cum
3246 2519 3470 2575 omne
3495 2523 3715 2599 agens
3744 2519 3917 2600 agat

2349 2592 2792 2700 inquantum
2875 2592 3045 2674 acin
3097 2591 3197 2673 est
3253 2649 3281 2693 ‚
3356 2617 3647 2700 oportet
3767 2607 3914 2685 uod

2349 2706 2597 2796 Deus,
2648 2698 2777 2800 qui
2830 2696 2928 2776 est
2974 2696 3175 2778 aetus
3228 2720 3491 2799 purus,
3543 2723 3672 2803 per
3739 2730 3914 2785 uam

2347 2802 2730 2884 effentiam
2782 2815 2991 2902 agat.
3048 2800 3266 2916 Velle
3316 2820 3568 2884 autem
3604 2803 3704 2885 est
3725 2832 3915 2907 quae-

2352 2905 2524 2985 darn
2594 2903 2742 2983 Dei
2780 2922 3142 3004 xoperatio
3183 2948 3211 2992 ι,
3284 2909 3606 3006 Oportet
3683 2910 3916 3008 igitut

2352 3007 2549 3107 quod
2607 3005 2806 3084 Deus
2859 3029 2987 3106 per
3015 3007 3217 3086 suam
3252 3009 3628 3088 essentiam
3681 3009 3767 3090 fit
3791 3039 3915 3092 vo-

2349 3104 2506 3187 lens
2531 3134 2548 3187 :
2575 3106 2697 3186 sua
2716 3107 2941 3207 igitur
2962 3107 3301 3188 voluntas
3335 3110 3431 3187 est
3456 3112 3576 3191 sua
3596 3113 3911 3193 essentia.

2455 3237 2526 3307 4.
2583 3211 2775 3288 Item
2810 3266 2829 3285 .
2883 3207 2961 3291 Si
3015 3210 3355 3291 voluntas
3406 3215 3580 3296 effet
3629 3215 3913 3317 aliquid

2346 3311 2678 3390 additum
2730 3308 2998 3396 divinae
3047 3310 3453 3394 substantiae
3487 3368 3518 3411 .‚
3581 3342 3752 3397 cum
3806 3318 3911 3401 di·

2344 3412 2523 3491 vina
2589 3410 2980 3494 substantia
3046 3413 3136 3494 fit
3207 3417 3388 3517 quid
3453 3417 3908 3518 completum

2344 3510 2428 3595 in
2477 3515 2661 3612 effe,
2711 3512 3122 3617 sequeretur
3171 3520 3369 3616 quod
3418 3518 3756 3597 voluntas
3789 3519 3909 3598 ad-

2344 3618 2633 3695 veniret
2710 3616 2780 3693 ei
2850 3617 3045 3732 quast
3115 3617 3446 3697 accidens
3501 3616 3824 3715 subjesto
3874 3642 3904 3712 ς

2344 3717 2755 3817 sequeretur
2806 3735 3031 3806 etiam
3082 3720 3279 3817 quod
3304 3718 3555 3796 divina
3590 3717 3903 3797 substan-

681 3825 951 3906 dicitur
1001 3842 1205 3898 enim
1256 3815 1336 3895 in
1390 3817 1570 3898 Psal.
1620 3841 1926 3898 cxxx1v.
1951 3824 2020 3895 6.
2074 3828 2240 3896 Om-
2339 3819 2447 3895 tia
2497 3835 3034 3916 compararetur
3081 3820 3173 3902 ad
3226 3815 3453 3917 ipsam
3523 3818 3719 3919 quasi
3774 3817 3903 3922 po-

681 3928 817 4006 nia
869 3940 1329 4028 quaecumque
1378 3918 1671 4016 voluit,
1726 3916 1924 4017 fecit
1978 3918 2237 3998 Domi·
2305 3918 2571 3998 'tentia
2621 3917 2713 3995 ad
2761 3917 3056 4014 adium,
3105 3920 3179 3998 8<
3230 3920 3427 4019 quod
3478 3923 3652 4002 esset
3694 3939 3899 4001 corn-

683 4055 878 4110 nus:
955 4026 1031 4108 8<
1101 4027 1423 4103 Roman.
1488 4045 1595 4102 1x.
1660 4043 1772 4120 19.
1854 4019 2239 4103 Voluntati

684 4131 844 4236 ejus
896 4125 1061 4233 quis
1109 4122 1380 4229 resistit
1426 4126 1474 4204 Ρ

901 4281 958 4343 c
1042 4280 1106 4349 A
1187 4275 1238 4341 Ρ
1327 4274 1385 4342 υ
1472 4277 1535 4339 τ
1701 4273 2016 4342 Lxxm.
2165 4247 2172 4254 “

847 4395 1024 4489 Quod
1064 4400 1329 4463 voluntas
1370 4400 1486 4463 Dei
1513 4398 1593 4479 fic
1651 4397 1779 4482 eius
1815 4401 2074 4482 effa-ntia.

689 4521 760 4592 1.
776 4526 942 4590 Part.
974 4518 1161 4603 quaefl.
1191 4537 1335 4600 xix,
1373 4539 1487 4585 art.
1519 4538 1577 4585 1.
1619 4519 1699 4583 ad
1728 4538 1786 4604 3.
1807 4519 1887 4589 6·
1928 4518 2238 4610 quest-xx·

1256 4619 1369 4663 m.
1429 4621 1490 4682 3.
1535 4603 1705 4665 ada..

688 4736 926 4931 EX
980 4735 1124 4816 hoc
1192 4747 1445 4814 autem
1527 4749 1829 4921 apssaret
1875 4701 2072 4837 quod
2125 4731 2250 4815 sua

903 4839 1242 4921 voluntas
1329 4861 1483 4922 noa
1564 4861 1606 4921 e
1736 4838 1938 4923 ahud
2019 4861 2250 4943 quam

689 4949 813 5034 fua
865 4942 1164 5032 effentia
1209 4997 1247 5024 .

2338 4018 2605 4221 {insitio
2680 4016 2762 4099 in
2837 4021 3006 4100 Deo
3041 4047 3059 4098 :

3127 4042 3288 4122 quae
3356 4021 3611 4104 omnia
3688 4022 3898 4124 supra

2422 4147 2576 4223 cap.
2628 4147 2799 4201 xv1.
2850 4143 3126 4204 xv111.
3193 4123 3268 4201 8<
3335 4146 3609 4204 xx111.
3661 4125 3689 4223 )
3762 4126 3900 4204 im-

2395 4225 2644 4304 robata
2693 4241 2898 4304 sunt.
2955 4226 3137 4306 Non
3190 4223 3289 4304 est
3341 4223 3569 4326 igitur
3612 4225 3899 4330 possibi-

2369 4352 2410 4404 e
2479 4328 2678 4427 quod
2740 4325 2996 4405 divina
3062 4328 3402 4408 voluntas
3483 4330 3571 4413 fit
3617 4327 3900 4434 aliquid

2341 4429 2674 4512 additum
2725 4428 2995 4513 divinae
3047 4429 3365 4515 essentiae
3389 4487 3416 4518 ᾳ

3738 5046 3921 5129 cA·
