4597 5696
716 409 802 471 ,ο
1368 392 1503 458 nt
1562 384 2142 454 VERITATE
2200 378 2928 452 cATHochz
2986 386 3295 455 From

721 524 1042 609 cumque
1089 494 1277 578 vilia
1326 494 1736 602 cognoscit.

734 693 746 703 ‚
829 604 1030 683 Huic
1083 617 1332 684 autem
1383 604 1732 708 consonat
1767 609 1965 708 quod
2015 604 2285 688 dici'tur

723 707 885 806 Sap.
939 731 1033 784 vr
1057 732 1115 782 1.
1174 731 1293 803 24.
1380 708 1470 787 de
1556 708 1808 792 divina
1882 709 2275 809 sapientia,

725 808 924 908 quod
1004 805 1327 908 attingit
1399 810 1664 910 ubique
1727 832 2027 913 propter
2058 808 2282 905 *fuam

726 908 1183 995 munditiam
1458 913 1557 992 δ’
1615 912 1776 995 ideo
1802 913 1992 996 nihil
2047 912 2286 1015 inqui-

733 1036 998 1095 natum
1053 1011 1368 1093 incurrit
1421 1013 1501 1098 in
1556 1014 1807 1098 illam.

830 1119 1041 1198 Patet
1091 1114 1319 1192 etiam
1381 1143 1471 1197 ex
1524 1120 1882 1218 praediffls
1933 1119 2131 1218 quod
2181 1143 2288 1199 ra-

729 1216 840 1297 tio
884 1242 1049 1316 ,quae
1131 1217 1210 1295 in
1283 1220 1692 1318 oppositum
1763 1222 2292 1317 obiiciebatur‚

731 1318 1021 1397 ostensa:
1096 1318 1393 1401 veritati
1465 1347 1617 1399 non
1669 1341 2024 1422 repugnat
2054 1381 2072 1400 .
2128 1327 2287 1404 No·

728 1421 979 1499 bilitas
1048 1420 1256 1501 enim
1338 1420 1649 1503 scientiae
1721 1425 2117 1505 attenditur
2159 1425 2287 1521 'se-

731 1521 1056 1633 cundum
1123 1546 1208 1601 ea
1274 1524 1365 1601 ad
1416 1550 1574 1624 quae
1629 1524 2127 1625 principaliter
2178 1552 2289 1607 or-

729 1622 1025 1700 dinatur
1095 1620 1393 1706 scientia
1445 1685 1471 1723 ,
1539 1626 1611 1704 8<
1663 1653 1820 1705 non
1894 1629 1984 1705 ad
2034 1629 2289 1709 omnia

727 1742 1206 1822 quaecumque
1261 1725 1340 1804 in
1389 1727 1690 1810 scientia
1742 1730 2006 1808 cadunt
2048 1787 2068 1807 .
2140 1732 2291 1810 Sub

727 1824 1176 1910 nobilissima
1245 1830 1448 1907 enim
1522 1831 1821 1909 scientia
1894 1833 2085 1933 apud
2155 1859 2291 1912 nos

721 1926 999 2009 cadunt
1078 1948 1229 2008 non
1299 1931 1533 2013 solum
1588 1934 1917 2032 suprema
1970 1934 2050 2012 in
2101 1935 2288 2017 enti·

722 2028 911 2120 δας,
963 2027 1082 2105 sed
1135 2030 1362 2110 etiam
1417 2030 1677 2115 infima
1725 2060 1742 2110 :
1818 2061 1995 2113 nam
2048 2036 2288 2117 Philo-

726 2126 1012 2239 sophia·
1059 2131 1298 2227 prima
1365 2132 2014 2216 considerationem
2084 2136 2286 2217 suam

725 2230 1054 2314 extendit
1107 2255 1149 2306 a
1203 2232 1444 2329 primo
1480 2252 1652 2317 ente
1705 2237 1799 2313 ad
1850 2261 1976 2315 ens
2029 2235 2106 2313 in
2160 2262 2285 2333 po-

722 2328 1003 2443 tentia,
1053 2332 1270 2435 quod-
1302 2331 1401 2411 est
1441 2333 1790 2418 ultimum
1845 2336 1925 2415 in
1975 2337 2287 2418 entibuS.

725 2432 852 2511 Sic
903 2448 1152 2512 autem
1226 2433 1354 2516 sub
1427 2436 1678 2520 divina
1739 2437 2037 2533 scientia
2087 2462 2287 2516 com-

724 2531 1278 2633 prehenduntur
1329 2537 1588 2621 infima
1665 2538 1951 2625 entium
1988 2594 2013 2634 ‚
2088 2537 2287 2644 quali

724 2659 901 2715 cum
953 2635 1337 2738 principali
1404 2641 1711 2741 cognito
1779 2640 1988 2724 simul
2057 2658 2283 2724 nota:

722 2736 980 2817 divina
1030 2739 1236 2820 enirn
1287 2743 1584 2825 effentia
1652 2744 1754 2823 est
1787 2743 2190 2847 principale
2241 2769 2285 2826 a

726 2840 900 2915 Deo
951 2842 1336 2938 cognitum
1369 2898 1397 2939 ,
1477 2846 1559 2924 in
1609 2874 1762 2948 quo
1831 2846 2088 2927 omnia
2138 2845 2284 2926 alia

714 2939 1305 3039 cognoscuntur,
1357 2962 1439 3028 ut
1474 2948 1680 3052 supra
1731 2948 1759 3051 (
1809 2974 1968 3052 cap.
2010 2947 2205 3030 xlrx.
2257 2947 2289 3050 )

725 3037 1093 3118 ostensum
1135 3042 1274 3124 est.

829 3143 1039 3221 Patet
1088 3143 1318 3226 etiam
1368 3148 1565 3247 quod
1615 3148 1768 3233 haec
1805 3148 2076 3230 veritas
2131 3172 2282 3226 non

719 3256 1085 3443 ffizffffi‘
1144 3246 1384 3452 <1¹³3ssss
1450 3251 1894 3449 ἓίἒοῖἳρῗῑ
1947 3251 2285 3431 ἑὲηὲἔὲὶ

717 3442 1044 3527 intendit
1113 3448 1482 3533 ostendere
1565 3456 1763 3558 quod
1830 3453 2128 3538 divinus
2176 3453 2282 3531 in·

719 3546 1062 3628 tellecius
1149 3577 1303 3633 non
1388 3556 1766 3653 cognoscit
1835 3557 2036 3635 aliud
2101 3580 2146 3635 a
2215 3555 2284 3634 se

725 3649 926 3743 quod
1017 3647 1104 3764 fit
1197 3653 1305 3732 sui
1375 3655 1789 3738 intellectus
1885 3655 2284 3761 perfectio,

723 3746 928 3845 quasi
981 3754 1384 3852 principale
1435 3759 1861 3856 cognitum3
1912 3761 1985 3835 8<
2038 3758 2283 3838 secun-

724 3847 904 3958 dum
957 3848 1151 3965 hunc
1203 3858 1507 3937 modum
1559 3860 1739 3941 dicit
1777 3911 1806 3952 ‚
1855 3857 2051 3957 quod
2102 3855 2284 3936 vilia

724 3949 999 4028 melius
1079 3977 1508 4052 ignorantur
1577 3985 1802 4061 quam
1855 3957 2291 4058 cognoscan-

723 4065 844 4128 tur
890 4105 918 4147 ,
987 4058 1277 4152 quando
1346 4058 1621 4141 scilicet
1699 4060 1800 4140 est
1852 4061 1995 4140 alia
2046 4061 2294 4158 cogni-

723 4146 841 4227 tio
888 4153 1155 4240 vilium
1192 4214 1220 4256 ,
1297 4161 1371 4240 8<
1422 4163 1838 4259 nobilium,
1890 4180 1969 4240 et
2017 4162 2288 4241 vilium

714 4248 1208 4455 {sszggptratio
1234 4262 1888 4347 confiderationem
1918 4263 2290 4346 nobilium

1008 4488 1065 4553 C
1151 4488 1209 4564 A
1295 4489 1345 4550 P
1431 4491 1485 4554 U
1578 4488 1639 4553 T

1060 4567 1238 4651 Quod
1277 4570 1432 4629 Deus
1472 4569 1745 4650 cognosti?
1784 4570 1975 4631 mala.

1043 4652 1099 4713 1.
1139 4650 1308 4714 Part.
1352 4648 1535 4728 quest.
1576 4670 1720 4715 xiv.
1760 4671 1868 4712 art.
1919 4668 2015 4710 xo.

1804 4485 2040 4551 LXXI.

2500 531 2558 581 1.
2612 507 2826 586 Bono
2917 504 3126 583 enim
3208 501 3513 605 cognito
3557 557 3586 601 ‚
3653 502 3940 587 malum

2385 604 2801 706 oppofitum
2830 606 3323 708 cognoscitur.
3379 608 3518 687 Sed
3574 611 3766 684 Deus
3819 633 3941 684 co·

2382 708 2670 809 gnoscit
2693 709 2961 791 omnia‘
2982 708 3446 810 particularia
3492 709 3726 803 bona,
3779 708 3941 806 qui·

2386 813 2519 888 bus
2571 810 2769 891 mala
2791 828 3299 910 opponuntur.
3353 809 3747 911 Cognoscit
3801 810 3941 911 igi·

2388 930 2507 994 tur
2562 915 2765 991 Deus
2818 912 3049 993 mala.
3164 946 3171 953 ·

2497 1041 2565 1090 2.
2621 1018 2969 1093 Praeterea
2990 1073 3008 1092 .
3035 1012 3593 1095 Contrariorum
3632 1009 3945 1094 rationes

2394 1114 2475 1198 in
2490 1113 2740 1193 anima
2764 1143 2917 1195 non
2956 1116 3117 1196 sunt
3133 1116 3530 1195 contraria:
3557 1113 3737 1192 alias
3793 1139 3947 1193 non

2393 1216 2606 1298 fimul
2642 1217 2867 1299 essent
2917 1219 2997 1297 in
3039 1218 3333 1311 anima,
3383 1242 3519 1297 nec
3574 1214 3782 1295 fimul
3830 1242 3949 1295 co-

2390 1319 2943 1420 gnoscerentur.
3001 1321 3228 1403 Ratio
3276 1343 3454 1419 ergo
3485 1343 3629 1417 qua
3680 1344 3954 1418 cogno-

2391 1422 2609 1499 scitur
2678 1423 2961 1506 malum
2998 1477 3027 1517 ‚
3095 1447 3245 1501 non
3296 1435 3653 1521 repugnat
3706 1420 3952 1517 bono,

2393 1522 2513 1603 sed
2564 1525 2799 1621 magis
2850 1527 2940 1605 ad
2993 1524 3355 1605 rationem
3396 1521 3573 1602 boni
3612 1522 3950 1618 perti.1et.

2393 1624 2470 1703 Si
2524 1624 2751 1722 igitur
2803 1626 2885 1705 in
2944 1630 3105 1705 Deo
3157 1643 3449 1727 propter
3496 1623 3697 1704 suam
3751 1624 3954 1702 abso·

2395 1725 2631 1805 lutam
2670 1726 3216 1827 perfeffione'm
3269 1725 3742 1813 inveniuntur
3794 1750 3954 1804 om-

2392 1840 2528 1910 nes
2573 1829 2889 1908 rationes
2944 1830 3339 1923 bonitatis,
3390 1847 3473 1907 ut
3507 1828 3713 1927 supra
3749 1826 3950 1926 (cap.

2390 1930 2486 2011 xi.
2526 1930 2554 2027 )
2604 1929 2966 2012 ostensum
3020 1931 3120 2011 est
3159 1990 3183 2026 ‚
3262 1930 3700 2030 relinquitur
3754 1930 3953 2027 qnod

2391 2032 2472 2109 in
2527 2031 2679 2131 ipso
2707 2033 2788 2110 fit
2841 2034 3031 2111 ratio
3082 2059 3224 2131 qua
3246 2032 3529 2111 malum
3581 2030 3957 2128 cognosci.

2390 2147 2549 2221 ειη-ς
2585 2150 2662 2212 et
2700 2132 2791 2211 fic
2829 2134 2928 2213 est
2967 2135 3336 2211 malorum
3372 2132 3951 2228 cognoscitivus.

2540 2288 2559 2308 .
2615 2236 2805 2313 Item
2840 2289 2859 2309 .
2919 2238 3205 2312 Verum
3256 2232 3353 2309 est
3409 2233 3689 2310 bonum
3742 2231 3954 2308 intel-

2390 2259 2621 2411 leeius
2667 2358 2684 2404 τ
2756 2358 2845 2411 ex
2899 2334 3039 2414 hoc
3092 2332 3297 2414 enim
3350 2333 3613 2435 aliquis
3667 2330 3951 2408 intelle-

2388 2431 2547 2514 &us
2624 2434 2896 2516 dicitur
2983 2437 3215 2512 bonus
3270 2435 3469 2534 quod
3519 2457 3780 2511 verum
3831 2458 3952 2512 co·

2388 2533 2717 2634 gnoscit3
2772 2560 3033 2617 verum
3087 2552 3335 2617 autem
3391 2560 3545 2612 non
3598 2532 3954 2613 solumest

2389 2638 2669 2720 bonum
2739 2640 2878 2719 esse
2948 2638 3228 2719 bonum
3273 2692 3302 2733 ‚
3354 2636 3473 2720 sed
3521 2636 3749 2715 etiam
3802 2661 3958 2717 ma-

2385 2737 2545 2820 lum
2599 2740 2738 2819 effe
2790 2740 3072 2822 malum
3131 2766 3148 2815 :
3207 2738 3383 2821 ficut
3434 2738 3639 2818 enim
3690 2761 3953 2818 verum

2386 2839 2488 2921 est
2539 2842 2677 2920 esse
2730 2842 2928 2943 quod
2978 2840 3123 2934 est,
3175 2839 3277 2920 ita
3334 2866 3589 2921 verum
3642 2837 3741 2917 est
3796 2866 3952 2921 non

2390 2944 2531 3120 elsi:
2570 2946 2777 3118 guod
2829 2969 2981 3021 non
3033 2941 3171 3019 est.
3226 2945 3519 3022 Bonum
3564 2942 3789 3042 igitur
3840 2943 3954 3023 in-

2390 3064 2461 3125 te
2522 3068 2602 3120 e..

2383 3142 2736 3227 eonfistit.
2791 3147 2929 3226 Sed
2979 3170 3150 3225 cum
3185 3145 3478 3225 divinus
3531 3142 3947 3230 intelleaus

2386 3245 2473 3326 fit
2523 3244 2882 3345 perfestus
2936 3247 3314 3340 bonitate,
3368 3272 3519 3327 non
3571 3243 3803 3346 potest
3831 3247 3946 3326 illi

2385 3350 2614 3428 deess'e
2649 3348 2891 3448 aliqua
2920 3346 3532 3427 intellectualium
3564 3346 3948 3446 perfeeiio·

2388 3475 2570 3566 num
2611 3504 2631 3529 .
2696 3449 2913 3535 Adest
2966 3450 3192 3551 igitur
3243 3450 3360 3529 illi
3411 3449 3775 3531 malorum
3825 3476 3946 3533 co-

2442 3571 2628 3633 nitio
2656 3608 2674 3629 .

2384 3576 2434 3654 g
2489 3680 2559 3747 4.
2617 3651 2998 3752 Amplius.
3057 3653 3257 3729 Deus
3283 3650 3657 3748 cognoscit
3695 3675 3944 3732 rerum

2384 3751 2927 3832 distinciionem
2949 3804 2974 3844 ‚
3025 3769 3108 3836 ut
3143 3751 3347 3849 supra
3383 3752 3408 3848 (
3429 3776 3583 3849 cap.
3601 3752 3647 3828 l.
3667 3750 3695 3849 )
3712 3752 3945 3830 osten·

2387 3852 2545 3931 sum
2598 3851 2697 3928 est
2727 3908 2747 3929 .
2804 3853 2944 3931 Sed
2996 3851 3074 3929 in
3126 3852 3406 3932 ratione
3458 3851 3945 3934 distine'tionis

2394 3952 2492 4032 est
2545 3952 2874 4052 negatio:
2932 3950 3268 4033 distinsta
3315 3953 3521 4034 enim
3555 3953 3718 4035 sunt
3766 3981 3947 4055 quo-

2394 4080 2558 4134 rum
2614 4080 2844 4136 unum
2906 4079 3059 4133 non
3130 4054 3231 4136 est
3284 4054 3483 4134 aliud
3532 4110 3561 4150 ‚
3627 4061 3819 4137 unde
3871 4069 3947 4137 et

2389 4158 2627 4260 prima
2725 4181 2886 4257 quae
2983 4156 3052 4235 se
3133 4156 3297 4259 ipsis
3366 4156 3944 4259 distinguuntur,

2392 4277 2653 4356 mutuo
2704 4259 3179 4359 negationem
3231 4259 3612 4342 includu'nt
3657 4317 3682 4357 ‚
3734 4262 3951 4342 ratio-

2395 4387 2491 4440 ne
2541 4359 2747 4458 cujus
2777 4416 2803 4455 ‚
2871 4363 3228 4459 negativae
3298 4361 3822 4464 propositiones
3875 4365 3957 4443 in

2399 4462 2503 4542 eis
2558 4461 2720 4543 sunt
2771 4462 3211 4544 immediatae
3239 4519 3265 4560 ‚
3316 4481 3399 4544 ut
3457 4464 3687 4545 Nulla
3738 4490 3962 4567 quan·

2403 4564 2572 4648 titas
2626 4563 2726 4642 est
2779 4563 3204 4644 substantia.
3239 4565 3643 4665 Cognoscit
3693 4566 3797 4665 (a)
3845 4593 3966 4647 au-

2403 4683 2560 4748 tem
2615 4670 2817 4744 Deus
2872 4668 3347 4768 negationem
3387 4696 3411 4756 3
3481 4668 3799 4767 privatio
3849 4694 3970 4748 au·

841 4772 1092 4851 TEM
1145 4767 1361 4851 restat
1432 4767 1802 4847 ostendere
1850 4770 2050 4871 quod
2103 4770 2304 4852 Deus
2406 4784 2562 4847 tem
2613 4769 2943 4868 quaedam
3008 4772 3311 4871 negatio
3360 4767 3458 4847 est
3515 4769 3597 4848 in
3651 4768 3975 4870 subjecio

892 4873 1116 4952 etiam
1168 4869 1562 4974 cognoscat
1613 4870 1805 4948 mala
1826 4926 1846 4948 .

840 5115 1144 5127 ---oer<—-1

2407 4872 2896 4953 determinato
2943 4925 2971 4968 ‚
3073 4891 3155 4953 ut
3246 4873 3327 4952 in
3404 4874 3539 4951 lV.
3631 4869 3973 4968 Metaph.

3752 4974 3780 5062 (
3796 4984 3976 5049 text.

2640 3070 2721 3124 us
2797 3044 3028 3124 etiarn
3112 3044 3194 3123 in
3263 3043 3693 3142 cognitione
3768 3043 3953 3123 mali
4086 3107 4113 3121 -
