<?xml version="1.0" encoding="UTF-8"?>
<!DOCTYPE html PUBLIC "-//W3C//DTD XHTML 1.0 Transitional//EN"
    "http://www.w3.org/TR/xhtml1/DTD/xhtml1-transitional.dtd">
<html xmlns="http://www.w3.org/1999/xhtml" xml:lang="en" lang="en">
 <head>
  <title>
</title>
<meta http-equiv="Content-Type" content="text/html;charset=utf-8" />
  <meta name='ocr-system' content='tesseract 3.04.00' />
  <meta name='ocr-capabilities' content='ocr_page ocr_carea ocr_par ocr_line ocrx_word'/>
</head>
<body>
  <div class='ocr_page' id='page_1' title='image "./summacontragent00aqugoog_0245.png"; bbox 0 0 4597 5696; ppageno 0'>
   <div class='ocr_carea' id='block_1_1' title="bbox 444 2535 1084 2664">
    <p class='ocr_par' dir='ltr' id='par_1_1' title="bbox 444 2535 1084 2664">
     <span class='ocr_line' id='line_1_1' title="bbox 444 2535 1084 2664; baseline 0.003 -3"><span class='ocrx_word' id='word_1_1' title='bbox 444 2535 448 2539; x_wconf 35' lang='lat'>⁵</span> <span class='ocrx_word' id='word_1_2' title='bbox 591 2584 896 2664; x_wconf 80' lang='lat' dir='ltr'>habebit</span> <span class='ocrx_word' id='word_1_3' title='bbox 949 2586 1084 2663; x_wconf 79' lang='lat' dir='ltr'>effe</span> 
     </span>
    </p>
   </div>
   <div class='ocr_carea' id='block_1_2' title="bbox 1255 443 3216 526">
    <p class='ocr_par' dir='ltr' id='par_1_2' title="bbox 1255 443 3216 526">
     <span class='ocr_line' id='line_1_2' title="bbox 1255 443 3216 526; baseline 0.003 -14"><span class='ocrx_word' id='word_1_4' title='bbox 1255 443 2686 526; x_wconf 70' lang='lat' dir='ltr'>CONTR&#39;A‘GI-:Nth-Es</span> <span class='ocrx_word' id='word_1_5' title='bbox 2774 454 3216 526; x_wconf 71' lang='lat' dir='ltr'>L113.11&lt;</span> 
     </span>
    </p>
   </div>
   <div class='ocr_carea' id='block_1_3' title="bbox 606 554 2164 863">
    <p class='ocr_par' dir='ltr' id='par_1_3' title="bbox 606 554 2164 863">
     <span class='ocr_line' id='line_1_3' title="bbox 613 554 2162 662; baseline -0.002 -23"><span class='ocrx_word' id='word_1_6' title='bbox 613 554 928 662; x_wconf 79' lang='lat' dir='ltr'>speciem</span> <span class='ocrx_word' id='word_1_7' title='bbox 978 584 1022 638; x_wconf 93' lang='lat' dir='ltr'>a</span> <span class='ocrx_word' id='word_1_8' title='bbox 1074 558 1200 638; x_wconf 90' lang='lat' dir='ltr'>suo</span> <span class='ocrx_word' id='word_1_9' title='bbox 1251 559 1713 640; x_wconf 88' lang='lat' dir='ltr'>motore.·Si</span> <span class='ocrx_word' id='word_1_10' title='bbox 1761 556 1990 657; x_wconf 84' lang='lat' dir='ltr'>igitur</span> <span class='ocrx_word' id='word_1_11' title='bbox 2012 558 2162 636; x_wconf 89' lang='lat' dir='ltr'>ani-</span> 
     </span>
     <span class='ocr_line' id='line_1_4' title="bbox 612 658 2162 762; baseline -0.004 -21"><span class='ocrx_word' id='word_1_12' title='bbox 612 688 738 741; x_wconf 91' lang='lat' dir='ltr'>ma</span> <span class='ocrx_word' id='word_1_13' title='bbox 790 688 941 741; x_wconf 93' lang='lat' dir='ltr'>non</span> <span class='ocrx_word' id='word_1_14' title='bbox 993 660 1463 760; x_wconf 74' lang='lat' dir='ltr'>conjungitur</span> <span class='ocrx_word' id='word_1_15' title='bbox 1530 659 1821 762; x_wconf 82' lang='lat' dir='ltr'>corpori</span> <span class='ocrx_word' id='word_1_16' title='bbox 1895 658 2030 736; x_wconf 82' lang='lat' dir='ltr'>nifi</span> <span class='ocrx_word' id='word_1_17' title='bbox 2082 658 2162 736; x_wconf 83' lang='lat' dir='ltr'>fi-</span> 
     </span>
     <span class='ocr_line' id='line_1_5' title="bbox 606 761 2164 863; baseline -0.003 -19"><span class='ocrx_word' id='word_1_18' title='bbox 606 783 735 844; x_wconf 90' lang='lat' dir='ltr'>cut</span> <span class='ocrx_word' id='word_1_19' title='bbox 786 783 1032 842; x_wconf 91' lang='lat' dir='ltr'>motor</span> <span class='ocrx_word' id='word_1_20' title='bbox 1082 763 1393 858; x_wconf 85' lang='lat' dir='ltr'><strong>mobili,</strong></span> <span class='ocrx_word' id='word_1_21' title='bbox 1443 787 1748 863; x_wconf 78' lang='lat' dir='ltr'>corpus,</span> <span class='ocrx_word' id='word_1_22' title='bbox 1799 761 1874 839; x_wconf 90' lang='grc'><strong>8(</strong></span> <span class='ocrx_word' id='word_1_23' title='bbox 1926 776 2164 858; x_wconf 88' lang='lat' dir='ltr'>partes</span> 
     </span>
    </p>
   </div>
   <div class='ocr_carea' id='block_1_4' title="bbox 603 862 2196 979">
    <p class='ocr_par' dir='ltr' id='par_1_4' title="bbox 603 862 2196 979">
     <span class='ocr_line' id='line_1_6' title="bbox 603 862 2196 979; baseline -0.002 -35"><span class='ocrx_word' id='word_1_24' title='bbox 603 866 761 963; x_wconf 84' lang='lat' dir='ltr'>ejus</span> <span class='ocrx_word' id='word_1_25' title='bbox 843 889 993 942; x_wconf 90' lang='lat' dir='ltr'>non</span> <span class='ocrx_word' id='word_1_26' title='bbox 1064 865 1600 964; x_wconf 88' lang='lat' dir='ltr'>consequuntur</span> <span class='ocrx_word' id='word_1_27' title='bbox 1673 862 1987 979; x_wconf 77' lang='lat' dir='ltr'>speciem</span> <span class='ocrx_word' id='word_1_28' title='bbox 2069 863 2196 941; x_wconf 75' lang='lat' dir='ltr'>ab·</span> 
     </span>
    </p>
   </div>
   <div class='ocr_carea' id='block_1_5' title="bbox 592 965 2183 5006">
    <p class='ocr_par' dir='ltr' id='par_1_5' title="bbox 597 965 2166 2058">
     <span class='ocr_line' id='line_1_7' title="bbox 606 965 2166 1065; baseline -0.001 -21"><span class='ocrx_word' id='word_1_29' title='bbox 606 968 896 1044; x_wconf 87' lang='lat' dir='ltr'>anima.</span> <span class='ocrx_word' id='word_1_30' title='bbox 954 967 1299 1044; x_wconf 84' lang='lat' dir='ltr'>Abeunte</span> <span class='ocrx_word' id='word_1_31' title='bbox 1371 965 1598 1065; x_wconf 87' lang='lat' dir='ltr'>igitur</span> <span class='ocrx_word' id='word_1_32' title='bbox 1667 990 1916 1042; x_wconf 87' lang='lat' dir='ltr'>amma</span> <span class='ocrx_word' id='word_1_33' title='bbox 1957 1017 1984 1058; x_wconf 85' lang='lat'>‚</span> <span class='ocrx_word' id='word_1_34' title='bbox 2056 988 2166 1042; x_wconf 91' lang='lat' dir='ltr'>re·</span> 
     </span>
     <span class='ocr_line' id='line_1_8' title="bbox 605 1064 2165 1167; baseline -0.003 -22"><span class='ocrx_word' id='word_1_35' title='bbox 605 1068 940 1145; x_wconf 91' lang='lat' dir='ltr'>manebit</span> <span class='ocrx_word' id='word_1_36' title='bbox 989 1092 1249 1167; x_wconf 88' lang='lat' dir='ltr'>corpus</span> <span class='ocrx_word' id='word_1_37' title='bbox 1289 1120 1316 1161; x_wconf 86' lang='lat'>‚</span> <span class='ocrx_word' id='word_1_38' title='bbox 1381 1067 1457 1145; x_wconf 91' lang='grc'><strong>8(</strong></span> <span class='ocrx_word' id='word_1_39' title='bbox 1585 1083 1801 1144; x_wconf 78' lang='lat' dir='ltr'>artes‘</span> <span class='ocrx_word' id='word_1_40' title='bbox 1844 1064 2165 1161; x_wconf 84' lang='lat' dir='ltr'>ejusdem</span> 
     </span>
     <span class='ocr_line' id='line_1_9' title="bbox 604 1165 2163 1248; baseline -0.002 -2"><span class='ocrx_word' id='word_1_41' title='bbox 604 1168 650 1245; x_wconf 90' lang='lat' dir='ltr'>s</span> <span class='ocrx_word' id='word_1_42' title='bbox 685 1169 907 1246; x_wconf 87' lang='lat' dir='ltr'>eciei.</span> <span class='ocrx_word' id='word_1_43' title='bbox 965 1171 1134 1248; x_wconf 88' lang='lat' dir='ltr'>Hoc</span> <span class='ocrx_word' id='word_1_44' title='bbox 1186 1184 1435 1247; x_wconf 87' lang='lat' dir='ltr'>autem</span> <span class='ocrx_word' id='word_1_45' title='bbox 1476 1193 1516 1246; x_wconf 93' lang='lat' dir='ltr'>e</span> <span class='ocrx_word' id='word_1_46' title='bbox 1604 1166 1999 1245; x_wconf 71' lang='lat' dir='ltr'>‘manifeste</span> <span class='ocrx_word' id='word_1_47' title='bbox 2035 1165 2163 1244; x_wconf 90' lang='lat' dir='ltr'>fal-</span> 
     </span>
     <span class='ocr_line' id='line_1_10' title="bbox 634 1269 2163 1365; baseline 0 -19"><span class='ocrx_word' id='word_1_48' title='bbox 634 1295 811 1347; x_wconf 83' lang='lat' dir='ltr'>um:</span> <span class='ocrx_word' id='word_1_49' title='bbox 865 1294 1038 1347; x_wconf 90' lang='lat' dir='ltr'>nam</span> <span class='ocrx_word' id='word_1_50' title='bbox 1091 1295 1263 1347; x_wconf 91' lang='lat' dir='ltr'>caro</span> <span class='ocrx_word' id='word_1_51' title='bbox 1298 1324 1325 1365; x_wconf 86' lang='lat'>‚</span> <span class='ocrx_word' id='word_1_52' title='bbox 1400 1269 1476 1347; x_wconf 92' lang='grc'><strong>8(</strong></span> <span class='ocrx_word' id='word_1_53' title='bbox 1526 1296 1606 1349; x_wconf 89' lang='lat' dir='ltr'>os</span> <span class='ocrx_word' id='word_1_54' title='bbox 1637 1324 1663 1363; x_wconf 87' lang='lat'>‚</span> <span class='ocrx_word' id='word_1_55' title='bbox 1716 1269 1792 1347; x_wconf 93' lang='grc'><strong>8(</strong></span> <span class='ocrx_word' id='word_1_56' title='bbox 1841 1294 2106 1346; x_wconf 86' lang='lat' dir='ltr'>manus</span> <span class='ocrx_word' id='word_1_57' title='bbox 2136 1322 2163 1364; x_wconf 87' lang='lat'>‚</span> 
     </span>
     <span class='ocr_line' id='line_1_11' title="bbox 603 1370 2159 1470; baseline -0.003 -21"><span class='ocrx_word' id='word_1_58' title='bbox 603 1370 680 1449; x_wconf 89' lang='grc'><strong>8(</strong></span> <span class='ocrx_word' id='word_1_59' title='bbox 731 1370 1145 1466; x_wconf 83' lang='lat' dir='ltr'>hujusmodi</span> <span class='ocrx_word' id='word_1_60' title='bbox 1199 1388 1434 1470; x_wconf 82' lang='lat' dir='ltr'>partes</span> <span class='ocrx_word' id='word_1_61' title='bbox 1469 1425 1495 1467; x_wconf 86' lang='lat'>‚</span> <span class='ocrx_word' id='word_1_62' title='bbox 1553 1370 1707 1470; x_wconf 86' lang='lat' dir='ltr'>post</span> <span class='ocrx_word' id='word_1_63' title='bbox 1761 1371 2159 1449; x_wconf 71' lang='lat' dir='ltr'>abscessum</span> 
     </span>
     <span class='ocr_line' id='line_1_12' title="bbox 605 1471 2160 1572; baseline 0.001 -24"><span class='ocrx_word' id='word_1_64' title='bbox 605 1472 1079 1567; x_wconf 60' lang='lat' dir='ltr'>animaeflon</span> <span class='ocrx_word' id='word_1_65' title='bbox 1128 1472 1471 1552; x_wconf 87' lang='lat' dir='ltr'>dicuntur</span> <span class='ocrx_word' id='word_1_66' title='bbox 1521 1471 1655 1550; x_wconf 82' lang='lat' dir='ltr'>nifi</span> <span class='ocrx_word' id='word_1_67' title='bbox 1707 1474 2084 1572; x_wconf 86' lang='lat' dir='ltr'>aequivoce</span> <span class='ocrx_word' id='word_1_68' title='bbox 2131 1524 2160 1565; x_wconf 88' lang='lat'>‚</span> 
     </span>
     <span class='ocr_line' id='line_1_13' title="bbox 604 1572 2164 1674; baseline -0.001 -24"><span class='ocrx_word' id='word_1_69' title='bbox 604 1597 838 1673; x_wconf 88' lang='lat' dir='ltr'>quum</span> <span class='ocrx_word' id='word_1_70' title='bbox 892 1573 1081 1653; x_wconf 90' lang='lat' dir='ltr'>nulli</span> <span class='ocrx_word' id='word_1_71' title='bbox 1164 1573 1424 1654; x_wconf 85' lang='lat' dir='ltr'>harum</span> <span class='ocrx_word' id='word_1_72' title='bbox 1496 1572 1815 1674; x_wconf 85' lang='lat' dir='ltr'>partium</span> <span class='ocrx_word' id='word_1_73' title='bbox 1869 1572 2164 1674; x_wconf 89' lang='lat' dir='ltr'>propria</span> 
     </span>
     <span class='ocr_line' id='line_1_14' title="bbox 608 1673 2161 1774; baseline -0.002 -22"><span class='ocrx_word' id='word_1_74' title='bbox 608 1675 947 1773; x_wconf 90' lang='lat' dir='ltr'>operatio</span> <span class='ocrx_word' id='word_1_75' title='bbox 978 1674 1177 1753; x_wconf 85' lang='lat' dir='ltr'>·ads1t</span> <span class='ocrx_word' id='word_1_76' title='bbox 1210 1730 1237 1769; x_wconf 88' lang='lat'>‚</span> <span class='ocrx_word' id='word_1_77' title='bbox 1320 1700 1481 1774; x_wconf 83' lang='lat' dir='ltr'>quae</span> <span class='ocrx_word' id='word_1_78' title='bbox 1550 1673 1868 1774; x_wconf 91' lang='lat' dir='ltr'>speciem</span> <span class='ocrx_word' id='word_1_79' title='bbox 1920 1673 2161 1751; x_wconf 89' lang='lat' dir='ltr'>conse·</span> 
     </span>
     <span class='ocr_line' id='line_1_15' title="bbox 601 1774 2164 1877; baseline -0.003 -23"><span class='ocrx_word' id='word_1_80' title='bbox 601 1778 856 1877; x_wconf 90' lang='lat' dir='ltr'>quitur</span> <span class='ocrx_word' id='word_1_81' title='bbox 882 1834 900 1853; x_wconf 90' lang='lat'><strong>.</strong></span> <span class='ocrx_word' id='word_1_82' title='bbox 955 1778 1143 1854; x_wconf 89' lang='lat' dir='ltr'>Non</span> <span class='ocrx_word' id='word_1_83' title='bbox 1195 1776 1426 1875; x_wconf 86' lang='lat' dir='ltr'>igitur</span> <span class='ocrx_word' id='word_1_84' title='bbox 1451 1777 1704 1855; x_wconf 88' lang='lat' dir='ltr'>unitur</span> <span class='ocrx_word' id='word_1_85' title='bbox 1730 1774 1983 1852; x_wconf 92' lang='lat' dir='ltr'>anima</span> <span class='ocrx_word' id='word_1_86' title='bbox 2007 1797 2164 1851; x_wconf 85' lang='lat' dir='ltr'>cor-</span> 
     </span>
     <span class='ocr_line' id='line_1_16' title="bbox 599 1872 2166 1976; baseline -0.002 -21"><span class='ocrx_word' id='word_1_87' title='bbox 599 1877 762 1976; x_wconf 88' lang='lat' dir='ltr'>pori</span> <span class='ocrx_word' id='word_1_88' title='bbox 817 1877 1051 1955; x_wconf 90' lang='lat' dir='ltr'>solum</span> <span class='ocrx_word' id='word_1_89' title='bbox 1108 1876 1285 1956; x_wconf 85' lang='lat' dir='ltr'>ficut</span> <span class='ocrx_word' id='word_1_90' title='bbox 1338 1893 1584 1958; x_wconf 88' lang='lat' dir='ltr'>motor</span> <span class='ocrx_word' id='word_1_91' title='bbox 1650 1874 1916 1956; x_wconf 89' lang='lat' dir='ltr'>mobili</span> <span class='ocrx_word' id='word_1_92' title='bbox 1958 1928 1992 1973; x_wconf 75' lang='lat'>‚</span> <span class='ocrx_word' id='word_1_93' title='bbox 2037 1872 2166 1953; x_wconf 87' lang='lat' dir='ltr'>vel</span> 
     </span>
     <span class='ocr_line' id='line_1_17' title="bbox 597 1977 2131 2058; baseline -0.001 -1"><span class='ocrx_word' id='word_1_94' title='bbox 597 1977 788 2057; x_wconf 86' lang='lat' dir='ltr'>ficut</span> <span class='ocrx_word' id='word_1_95' title='bbox 842 1979 1073 2058; x_wconf 91' lang='lat' dir='ltr'>homo</span> <span class='ocrx_word' id='word_1_96' title='bbox 1123 1978 1597 2057; x_wconf 86' lang='lat' dir='ltr'>vestimento.</span> <span class='ocrx_word' id='word_1_97' title='bbox 2128 1981 2131 1988; x_wconf 54' lang='lat'><strong>⁴</strong></span> 
     </span>
    </p>

    <p class='ocr_par' dir='ltr' id='par_1_6' title="bbox 592 2078 2166 2963">
     <span class='ocr_line' id='line_1_18' title="bbox 698 2078 2166 2178; baseline 0.001 -24"><span class='ocrx_word' id='word_1_98' title='bbox 698 2108 777 2178; x_wconf 88' lang='lat'>4.</span> <span class='ocrx_word' id='word_1_99' title='bbox 839 2080 1147 2159; x_wconf 87' lang='lat' dir='ltr'>Adhuc.</span> <span class='ocrx_word' id='word_1_100' title='bbox 1203 2080 1500 2160; x_wconf 88' lang='lat' dir='ltr'>Mobile</span> <span class='ocrx_word' id='word_1_101' title='bbox 1556 2105 1708 2158; x_wconf 88' lang='lat' dir='ltr'>non</span> <span class='ocrx_word' id='word_1_102' title='bbox 1760 2078 2166 2159; x_wconf 79' lang='lat' dir='ltr'>habet&#39;esse</span> 
     </span>
     <span class='ocr_line' id='line_1_19' title="bbox 600 2180 2162 2281; baseline -0.001 -23"><span class='ocrx_word' id='word_1_103' title='bbox 600 2203 733 2281; x_wconf 87' lang='lat' dir='ltr'>per</span> <span class='ocrx_word' id='word_1_104' title='bbox 784 2181 992 2260; x_wconf 85' lang='lat' dir='ltr'>suum</span> <span class='ocrx_word' id='word_1_105' title='bbox 1047 2194 1459 2276; x_wconf 86' lang='lat' dir='ltr'>motorem‚</span> <span class='ocrx_word' id='word_1_106' title='bbox 1538 2181 1659 2259; x_wconf 93' lang='lat' dir='ltr'>sed</span> <span class='ocrx_word' id='word_1_107' title='bbox 1713 2180 1948 2259; x_wconf 91' lang='lat' dir='ltr'>solum</span> <span class='ocrx_word' id='word_1_108' title='bbox 2002 2205 2162 2257; x_wconf 87' lang='lat' dir='ltr'>mo-</span> 
     </span>
     <span class='ocr_line' id='line_1_20' title="bbox 595 2281 2156 2380; baseline -0.003 -19"><span class='ocrx_word' id='word_1_109' title='bbox 595 2297 798 2361; x_wconf 82' lang='lat' dir='ltr'>tum.</span> <span class='ocrx_word' id='word_1_110' title='bbox 853 2283 933 2361; x_wconf 88' lang='lat' dir='ltr'>Si</span> <span class='ocrx_word' id='word_1_111' title='bbox 987 2281 1523 2380; x_wconf 87' lang='lat' dir='ltr'>igituranima</span> <span class='ocrx_word' id='word_1_112' title='bbox 1576 2282 1872 2361; x_wconf 88' lang='lat' dir='ltr'>uniatur</span> <span class='ocrx_word' id='word_1_113' title='bbox 1905 2305 2156 2380; x_wconf 84' lang='lat' dir='ltr'>corpo-</span> 
     </span>
     <span class='ocr_line' id='line_1_21' title="bbox 592 2382 2163 2482; baseline 0 -22"><span class='ocrx_word' id='word_1_114' title='bbox 592 2382 660 2460; x_wconf 85' lang='lat' dir='ltr'>ri</span> <span class='ocrx_word' id='word_1_115' title='bbox 721 2382 1186 2462; x_wconf 82' lang='lat' dir='ltr'>solummodo</span> <span class='ocrx_word' id='word_1_116' title='bbox 1235 2399 1319 2461; x_wconf 90' lang='lat' dir='ltr'>ut</span> <span class='ocrx_word' id='word_1_117' title='bbox 1371 2400 1620 2464; x_wconf 90' lang='lat' dir='ltr'>motor</span> <span class='ocrx_word' id='word_1_118' title='bbox 1650 2437 1678 2479; x_wconf 89' lang='lat'>‚</span> <span class='ocrx_word' id='word_1_119' title='bbox 1715 2406 1975 2482; x_wconf 80' lang='lat' dir='ltr'>corpus</span> <span class='ocrx_word' id='word_1_120' title='bbox 2004 2405 2163 2460; x_wconf 88' lang='lat' dir='ltr'>mo·</span> 
     </span>
     <span class='ocr_line' id='line_1_22' title="bbox 595 2483 2163 2585; baseline -0.001 -24"><span class='ocrx_word' id='word_1_121' title='bbox 595 2484 889 2564; x_wconf 84' lang='lat' dir='ltr'>vebitur</span> <span class='ocrx_word' id='word_1_122' title='bbox 940 2484 1240 2585; x_wconf 87' lang='lat' dir='ltr'>quidem</span> <span class='ocrx_word' id='word_1_123' title='bbox 1295 2486 1391 2562; x_wconf 91' lang='lat' dir='ltr'>ab</span> <span class='ocrx_word' id='word_1_124' title='bbox 1441 2486 1694 2564; x_wconf 87' lang='lat' dir='ltr'>anima</span> <span class='ocrx_word' id='word_1_125' title='bbox 1733 2537 1759 2579; x_wconf 86' lang='lat'>‚</span> <span class='ocrx_word' id='word_1_126' title='bbox 1837 2483 1956 2561; x_wconf 89' lang='lat' dir='ltr'>sed</span> <span class='ocrx_word' id='word_1_127' title='bbox 2009 2505 2163 2561; x_wconf 92' lang='lat' dir='ltr'>non</span> 
     </span>
     <span class='ocr_line' id='line_1_23' title="bbox 1138 2586 2160 2686; baseline -0.001 -23"><span class='ocrx_word' id='word_1_128' title='bbox 1138 2611 1266 2686; x_wconf 89' lang='lat' dir='ltr'>per</span> <span class='ocrx_word' id='word_1_129' title='bbox 1320 2611 1528 2664; x_wconf 88' lang='lat' dir='ltr'>eam.</span> <span class='ocrx_word' id='word_1_130' title='bbox 1589 2586 1868 2665; x_wconf 88' lang='lat' dir='ltr'>Vivere</span> <span class='ocrx_word' id='word_1_131' title='bbox 1907 2600 2160 2664; x_wconf 91' lang='lat' dir='ltr'>autem</span> 
     </span>
     <span class='ocr_line' id='line_1_24' title="bbox 598 2683 2159 2786; baseline -0.004 -21"><span class='ocrx_word' id='word_1_132' title='bbox 598 2686 700 2765; x_wconf 88' lang='lat' dir='ltr'>est</span> <span class='ocrx_word' id='word_1_133' title='bbox 754 2687 1121 2786; x_wconf 82' lang='lat' dir='ltr'>quoddam</span> <span class='ocrx_word' id='word_1_134' title='bbox 1177 2687 1316 2764; x_wconf 82' lang='lat' dir='ltr'>effe</span> <span class='ocrx_word' id='word_1_135' title='bbox 1372 2688 1738 2766; x_wconf 86' lang='lat' dir='ltr'>viventis.</span> <span class='ocrx_word' id='word_1_136' title='bbox 1782 2689 1981 2766; x_wconf 42' lang='lat' dir='ltr'>Nonw</span> <span class='ocrx_word' id='word_1_137' title='bbox 2021 2683 2159 2781; x_wconf 88' lang='lat' dir='ltr'>igi-</span> 
     </span>
     <span class='ocr_line' id='line_1_25' title="bbox 601 2786 1904 2963; baseline -0.002 -99"><span class='ocrx_word' id='word_1_138' title='bbox 601 2800 726 2864; x_wconf 90' lang='lat' dir='ltr'>tur</span> <span class='ocrx_word' id='word_1_139' title='bbox 775 2811 1036 2884; x_wconf 86' lang='lat' dir='ltr'>corpus</span> <span class='ocrx_word' id='word_1_140' title='bbox 1085 2787 1295 2866; x_wconf 86' lang='lat' dir='ltr'>vivet</span> <span class='ocrx_word' id='word_1_141' title='bbox 1334 2811 1479 2963; x_wconf 73' lang='lat' dir='ltr'>1per</span> <span class='ocrx_word' id='word_1_142' title='bbox 1529 2786 1904 2865; x_wconf 87' lang='lat' dir='ltr'>animam.</span> 
     </span>
    </p>

    <p class='ocr_par' dir='ltr' id='par_1_7' title="bbox 600 2887 2176 4279">
     <span class='ocr_line' id='line_1_26' title="bbox 716 2887 2165 2985; baseline -0.001 -24"><span class='ocrx_word' id='word_1_143' title='bbox 716 2911 778 2983; x_wconf 80' lang='grc' dir='ltr'>ς.</span> <span class='ocrx_word' id='word_1_144' title='bbox 839 2891 1075 2963; x_wconf 90' lang='lat' dir='ltr'>Item.</span> <span class='ocrx_word' id='word_1_145' title='bbox 1131 2887 1349 2965; x_wconf 85' lang='lat' dir='ltr'>Mob&#39;</span> <span class='ocrx_word' id='word_1_146' title='bbox 1390 2912 1430 2963; x_wconf 92' lang='lat' dir='ltr'>e</span> <span class='ocrx_word' id='word_1_147' title='bbox 1482 2910 1730 2985; x_wconf 88' lang='lat' dir='ltr'>neque</span> <span class='ocrx_word' id='word_1_148' title='bbox 1772 2896 2165 2985; x_wconf 81' lang='lat' dir='ltr'>generatur</span> 
     </span>
     <span class='ocr_line' id='line_1_27' title="bbox 601 2985 2163 3089; baseline 0.001 -25"><span class='ocrx_word' id='word_1_149' title='bbox 601 3011 734 3089; x_wconf 86' lang='lat' dir='ltr'>per</span> <span class='ocrx_word' id='word_1_150' title='bbox 782 2985 1355 3087; x_wconf 83' lang='lat' dir='ltr'>applicationem</span> <span class='ocrx_word' id='word_1_151' title='bbox 1407 2988 1719 3066; x_wconf 88' lang='lat' dir='ltr'>motoris</span> <span class='ocrx_word' id='word_1_152' title='bbox 1769 2989 1860 3066; x_wconf 93' lang='lat' dir='ltr'>ad</span> <span class='ocrx_word' id='word_1_153' title='bbox 1890 2985 2163 3087; x_wconf 86' lang='lat' dir='ltr'>ipsum,</span> 
     </span>
     <span class='ocr_line' id='line_1_28' title="bbox 600 3084 2163 3190; baseline -0.001 -23"><span class='ocrx_word' id='word_1_154' title='bbox 600 3111 847 3186; x_wconf 83' lang='lat' dir='ltr'>neque</span> <span class='ocrx_word' id='word_1_155' title='bbox 899 3111 1029 3188; x_wconf 89' lang='lat' dir='ltr'>per</span> <span class='ocrx_word' id='word_1_156' title='bbox 1078 3084 1245 3186; x_wconf 44' lang='lat' dir='ltr'>ejus,</span> <span class='ocrx_word' id='word_1_157' title='bbox 1282 3089 1813 3190; x_wconf 87' lang='lat' dir='ltr'>separationem</span> <span class='ocrx_word' id='word_1_158' title='bbox 1839 3112 2163 3169; x_wconf 84' lang='lat' dir='ltr'>corrum-</span> 
     </span>
     <span class='ocr_line' id='line_1_29' title="bbox 604 3188 2167 3293; baseline 0.001 -25"><span class='ocrx_word' id='word_1_159' title='bbox 604 3192 809 3293; x_wconf 87' lang='lat' dir='ltr'>pitur</span> <span class='ocrx_word' id='word_1_160' title='bbox 844 3213 867 3277; x_wconf 71' lang='grc' dir='ltr'><strong>ς</strong></span> <span class='ocrx_word' id='word_1_161' title='bbox 918 3214 1151 3290; x_wconf 84' lang='lat' dir='ltr'>quum</span> <span class='ocrx_word' id='word_1_162' title='bbox 1204 3216 1354 3270; x_wconf 92' lang='lat' dir='ltr'>non</span> <span class='ocrx_word' id='word_1_163' title='bbox 1406 3193 1809 3292; x_wconf 77' lang='lat' dir='ltr'>dependeat</span> <span class='ocrx_word' id='word_1_164' title='bbox 1883 3188 2167 3282; x_wconf 83' lang='lat' dir='ltr'>mobile</span> 
     </span>
     <span class='ocr_line' id='line_1_30' title="bbox 603 3290 2165 3388; baseline 0.001 -19"><span class='ocrx_word' id='word_1_165' title='bbox 603 3317 652 3369; x_wconf 85' lang='lat' dir='ltr'>a</span> <span class='ocrx_word' id='word_1_166' title='bbox 704 3306 994 3369; x_wconf 88' lang='lat' dir='ltr'>motore</span> <span class='ocrx_word' id='word_1_167' title='bbox 1047 3290 1441 3371; x_wconf 86' lang='lat' dir='ltr'>secundum</span> <span class='ocrx_word' id='word_1_168' title='bbox 1492 3294 1637 3370; x_wconf 82' lang='lat' dir='ltr'>effe</span> <span class='ocrx_word' id='word_1_169' title='bbox 1668 3347 1695 3388; x_wconf 85' lang='lat'>,</span> <span class='ocrx_word' id='word_1_170' title='bbox 1747 3293 1869 3370; x_wconf 82' lang='lat' dir='ltr'>sed</span> <span class='ocrx_word' id='word_1_171' title='bbox 1916 3292 2165 3372; x_wconf 79' lang='lat' dir='ltr'>secun-</span> 
     </span>
     <span class='ocr_line' id='line_1_31' title="bbox 606 3391 2166 3492; baseline -0.001 -21"><span class='ocrx_word' id='word_1_172' title='bbox 606 3391 794 3471; x_wconf 86' lang='lat' dir='ltr'>dum</span> <span class='ocrx_word' id='word_1_173' title='bbox 842 3392 1124 3469; x_wconf 87' lang='lat' dir='ltr'>moveri</span> <span class='ocrx_word' id='word_1_174' title='bbox 1180 3409 1511 3472; x_wconf 84' lang='lat' dir='ltr'>tantum.</span> <span class='ocrx_word' id='word_1_175' title='bbox 1596 3395 1677 3473; x_wconf 86' lang='lat' dir='ltr'>Si</span> <span class='ocrx_word' id='word_1_176' title='bbox 1731 3392 1960 3492; x_wconf 86' lang='lat' dir='ltr'>igitur</span> <span class='ocrx_word' id='word_1_177' title='bbox 2009 3392 2166 3470; x_wconf 85' lang='lat' dir='ltr'>ani-</span> 
     </span>
     <span class='ocr_line' id='line_1_32' title="bbox 610 3492 2170 3593; baseline 0 -21"><span class='ocrx_word' id='word_1_178' title='bbox 610 3517 738 3572; x_wconf 90' lang='lat' dir='ltr'>ma</span> <span class='ocrx_word' id='word_1_179' title='bbox 788 3492 1087 3571; x_wconf 88' lang='lat' dir='ltr'>uniatur</span> <span class='ocrx_word' id='word_1_180' title='bbox 1131 3493 1421 3593; x_wconf 76' lang='lat' dir='ltr'>corpori</span> <span class='ocrx_word' id='word_1_181' title='bbox 1478 3492 1714 3573; x_wconf 88' lang='lat' dir='ltr'>solum</span> <span class='ocrx_word' id='word_1_182' title='bbox 1764 3510 1850 3572; x_wconf 85' lang='lat' dir='ltr'>ut</span> <span class='ocrx_word' id='word_1_183' title='bbox 1890 3508 2170 3586; x_wconf 81' lang='lat' dir='ltr'>motor,</span> 
     </span>
     <span class='ocr_line' id='line_1_33' title="bbox 616 3592 2171 3693; baseline 0.001 -22"><span class='ocrx_word' id='word_1_184' title='bbox 616 3592 953 3692; x_wconf 88' lang='lat' dir='ltr'>sequetur</span> <span class='ocrx_word' id='word_1_185' title='bbox 1003 3595 1200 3693; x_wconf 88' lang='lat' dir='ltr'>quod</span> <span class='ocrx_word' id='word_1_186' title='bbox 1279 3595 1360 3674; x_wconf 90' lang='lat' dir='ltr'>in</span> <span class='ocrx_word' id='word_1_187' title='bbox 1429 3594 1709 3675; x_wconf 86' lang='lat' dir='ltr'>unione</span> <span class='ocrx_word' id='word_1_188' title='bbox 1781 3594 2046 3672; x_wconf 82' lang='lat' dir='ltr'>animae</span> <span class='ocrx_word' id='word_1_189' title='bbox 2096 3592 2171 3673; x_wconf 85' lang='lat'>&amp;</span> 
     </span>
     <span class='ocr_line' id='line_1_34' title="bbox 614 3694 2172 3798; baseline 0.001 -25"><span class='ocrx_word' id='word_1_190' title='bbox 614 3694 940 3796; x_wconf 87' lang='lat' dir='ltr'>corporis</span> <span class='ocrx_word' id='word_1_191' title='bbox 990 3720 1145 3774; x_wconf 89' lang='lat' dir='ltr'>non</span> <span class='ocrx_word' id='word_1_192' title='bbox 1196 3696 1340 3774; x_wconf 87' lang='lat' dir='ltr'>erit</span> <span class='ocrx_word' id='word_1_193' title='bbox 1404 3696 1658 3798; x_wconf 88' lang='lat' dir='ltr'>aliqua</span> <span class='ocrx_word' id='word_1_194' title='bbox 1717 3694 2094 3795; x_wconf 80' lang='lat' dir='ltr'>generatio</span> <span class='ocrx_word' id='word_1_195' title='bbox 2141 3746 2172 3789; x_wconf 90' lang='lat'>‚</span> 
     </span>
     <span class='ocr_line' id='line_1_35' title="bbox 618 3794 2175 3897; baseline -0.001 -23"><span class='ocrx_word' id='word_1_196' title='bbox 618 3819 862 3897; x_wconf 86' lang='lat' dir='ltr'>neque</span> <span class='ocrx_word' id='word_1_197' title='bbox 929 3794 1013 3875; x_wconf 92' lang='lat' dir='ltr'>in</span> <span class='ocrx_word' id='word_1_198' title='bbox 1078 3796 1530 3896; x_wconf 83' lang='lat' dir='ltr'>separatione</span> <span class='ocrx_word' id='word_1_199' title='bbox 1590 3821 1800 3878; x_wconf 80' lang='lat' dir='ltr'>cortu</span> <span class='ocrx_word' id='word_1_200' title='bbox 1852 3797 1962 3875; x_wconf 82' lang='lat' dir='ltr'>tio</span> <span class='ocrx_word' id='word_1_201' title='bbox 2004 3822 2031 3889; x_wconf 74' lang='grc' dir='ltr'>ε,</span> <span class='ocrx_word' id='word_1_202' title='bbox 2099 3794 2175 3873; x_wconf 83' lang='grc'><strong>8(</strong></span> 
     </span>
     <span class='ocr_line' id='line_1_36' title="bbox 617 3894 2175 4015; baseline 0.001 -40"><span class='ocrx_word' id='word_1_203' title='bbox 617 3896 717 3975; x_wconf 80' lang='lat' dir='ltr'>fic</span> <span class='ocrx_word' id='word_1_204' title='bbox 769 3922 967 4012; x_wconf 84' lang='lat' dir='ltr'>mors</span> <span class='ocrx_word' id='word_1_205' title='bbox 989 3951 1016 3992; x_wconf 86' lang='lat'>‚</span> <span class='ocrx_word' id='word_1_206' title='bbox 1118 3923 1224 3977; x_wconf 77' lang='lat' dir='ltr'>uae</span> <span class='ocrx_word' id='word_1_207' title='bbox 1276 3896 1596 4015; x_wconf 67' lang='lat' dir='ltr'>conlistit</span> <span class='ocrx_word' id='word_1_208' title='bbox 1661 3898 1742 3975; x_wconf 84' lang='lat' dir='ltr'>in</span> <span class='ocrx_word' id='word_1_209' title='bbox 1822 3894 2175 4013; x_wconf 85' lang='lat' dir='ltr'>eparatio·</span> 
     </span>
     <span class='ocr_line' id='line_1_37' title="bbox 618 4016 2172 4100; baseline -0.001 -22"><span class='ocrx_word' id='word_1_210' title='bbox 618 4022 717 4078; x_wconf 84' lang='lat' dir='ltr'>ne</span> <span class='ocrx_word' id='word_1_211' title='bbox 768 4023 1027 4077; x_wconf 85' lang='lat' dir='ltr'>arumae</span> <span class='ocrx_word' id='word_1_212' title='bbox 1206 4024 1570 4100; x_wconf 75' lang='lat' dir='ltr'>corporis,</span> <span class='ocrx_word' id='word_1_213' title='bbox 1621 4023 1776 4079; x_wconf 91' lang='lat' dir='ltr'>non</span> <span class='ocrx_word' id='word_1_214' title='bbox 1826 4016 1969 4078; x_wconf 73' lang='lat' dir='ltr'>erit</span> <span class='ocrx_word' id='word_1_215' title='bbox 2015 4022 2172 4077; x_wconf 88' lang='lat' dir='ltr'>cor·</span> 
     </span>
     <span class='ocr_line' id='line_1_38' title="bbox 620 4096 2176 4279; baseline 0.001 -102"><span class='ocrx_word' id='word_1_216' title='bbox 620 4099 883 4279; x_wconf 62' lang='lat' dir='ltr'>xf·ul1³stio</span> <span class='ocrx_word' id='word_1_217' title='bbox 925 4099 1307 4199; x_wconf 71' lang='lat' dir='ltr'>animalis-3.</span> <span class='ocrx_word' id='word_1_218' title='bbox 1376 4101 1575 4203; x_wconf 83' lang='lat' dir='ltr'>quod</span> <span class='ocrx_word' id='word_1_219' title='bbox 1625 4100 1724 4182; x_wconf 86' lang='lat' dir='ltr'>est</span> <span class='ocrx_word' id='word_1_220' title='bbox 1790 4096 2176 4181; x_wconf 84' lang='lat' dir='ltr'>manifeste</span> 
     </span>
    </p>

    <p class='ocr_par' dir='ltr' id='par_1_8' title="bbox 661 4224 941 4277">
     <span class='ocr_line' id='line_1_39' title="bbox 661 4224 941 4277; baseline -0.004 0"><span class='ocrx_word' id='word_1_221' title='bbox 661 4224 700 4277; x_wconf 93' lang='lat' dir='ltr'>a</span> <span class='ocrx_word' id='word_1_222' title='bbox 760 4225 890 4276; x_wconf 92' lang='lat' dir='ltr'>urn</span> <span class='ocrx_word' id='word_1_223' title='bbox 920 4257 941 4277; x_wconf 88' lang='lat'><strong>.</strong></span> 
     </span>
    </p>

    <p class='ocr_par' dir='ltr' id='par_1_9' title="bbox 629 4298 2183 5006">
     <span class='ocr_line' id='line_1_40' title="bbox 733 4298 2179 4404; baseline 0.004 -28"><span class='ocrx_word' id='word_1_224' title='bbox 733 4304 804 4376; x_wconf 83' lang='lat'>6.</span> <span class='ocrx_word' id='word_1_225' title='bbox 857 4304 1242 4380; x_wconf 82' lang='lat' dir='ltr'>Praeterea.</span> <span class='ocrx_word' id='word_1_226' title='bbox 1297 4298 1555 4381; x_wconf 85' lang='lat' dir='ltr'>Omne</span> <span class='ocrx_word' id='word_1_227' title='bbox 1600 4326 1913 4385; x_wconf 87' lang='lat' dir='ltr'>movens</span> <span class='ocrx_word' id='word_1_228' title='bbox 1962 4303 2042 4383; x_wconf 86' lang='lat' dir='ltr'>se</span> <span class='ocrx_word' id='word_1_229' title='bbox 2072 4300 2179 4404; x_wconf 90' lang='lat' dir='ltr'>ip·</span> 
     </span>
     <span class='ocr_line' id='line_1_41' title="bbox 631 4395 2177 4514; baseline 0.005 -40"><span class='ocrx_word' id='word_1_230' title='bbox 631 4395 791 4475; x_wconf 85' lang='lat' dir='ltr'>sum</span> <span class='ocrx_word' id='word_1_231' title='bbox 827 4451 861 4493; x_wconf 81' lang='lat'>‚</span> <span class='ocrx_word' id='word_1_232' title='bbox 899 4401 1028 4514; x_wconf 34' lang='lat' dir='ltr'>,ita</span> <span class='ocrx_word' id='word_1_233' title='bbox 1080 4403 1148 4480; x_wconf 91' lang='lat' dir='ltr'>se</span> <span class='ocrx_word' id='word_1_234' title='bbox 1200 4402 1419 4483; x_wconf 89' lang='lat' dir='ltr'>habet</span> <span class='ocrx_word' id='word_1_235' title='bbox 1489 4407 1687 4502; x_wconf 86' lang='lat' dir='ltr'>quod</span> <span class='ocrx_word' id='word_1_236' title='bbox 1737 4406 1821 4485; x_wconf 90' lang='lat' dir='ltr'>in</span> <span class='ocrx_word' id='word_1_237' title='bbox 1870 4405 2028 4507; x_wconf 90' lang='lat' dir='ltr'>ipso</span> <span class='ocrx_word' id='word_1_238' title='bbox 2077 4404 2177 4483; x_wconf 85' lang='lat' dir='ltr'>est</span> 
     </span>
     <span class='ocr_line' id='line_1_42' title="bbox 629 4502 2180 4601; baseline 0.003 -23"><span class='ocrx_word' id='word_1_239' title='bbox 629 4523 920 4579; x_wconf 76' lang='lat' dir='ltr'>moveri</span> <span class='ocrx_word' id='word_1_240' title='bbox 952 4555 979 4597; x_wconf 90' lang='lat'>,</span> <span class='ocrx_word' id='word_1_241' title='bbox 1031 4502 1106 4582; x_wconf 87' lang='grc'><strong>8(</strong></span> <span class='ocrx_word' id='word_1_242' title='bbox 1153 4529 1307 4582; x_wconf 89' lang='lat' dir='ltr'>non</span> <span class='ocrx_word' id='word_1_243' title='bbox 1355 4503 1685 4601; x_wconf 88' lang='lat' dir='ltr'>moveri,</span> <span class='ocrx_word' id='word_1_244' title='bbox 1735 4531 2079 4599; x_wconf 85' lang='lat' dir='ltr'>movere,</span> <span class='ocrx_word' id='word_1_245' title='bbox 2103 4506 2180 4583; x_wconf 87' lang='lat'>&amp;</span> 
     </span>
     <span class='ocr_line' id='line_1_43' title="bbox 631 4606 2181 4702; baseline 0.004 -24"><span class='ocrx_word' id='word_1_246' title='bbox 631 4625 789 4678; x_wconf 84' lang='lat' dir='ltr'>non</span> <span class='ocrx_word' id='word_1_247' title='bbox 839 4624 1178 4683; x_wconf 87' lang='lat' dir='ltr'>movere.</span> <span class='ocrx_word' id='word_1_248' title='bbox 1233 4606 1372 4686; x_wconf 92' lang='lat' dir='ltr'>Sed</span> <span class='ocrx_word' id='word_1_249' title='bbox 1421 4606 1715 4702; x_wconf 85' lang='lat' dir='ltr'>anima,</span> <span class='ocrx_word' id='word_1_250' title='bbox 1785 4607 2181 4684; x_wconf 84' lang='lat' dir='ltr'>secundum</span> 
     </span>
     <span class='ocr_line' id='line_1_44' title="bbox 638 4700 2183 4807; baseline 0.001 -26"><span class='ocrx_word' id='word_1_251' title='bbox 638 4700 969 4782; x_wconf 84' lang='lat' dir='ltr'>Platonis</span> <span class='ocrx_word' id='word_1_252' title='bbox 1018 4705 1453 4805; x_wconf 81' lang='lat' dir='ltr'>opinionem</span> <span class='ocrx_word' id='word_1_253' title='bbox 1503 4707 1648 4804; x_wconf 90' lang='lat' dir='ltr'>(X.</span> <span class='ocrx_word' id='word_1_254' title='bbox 1698 4708 1790 4784; x_wconf 90' lang='lat' dir='ltr'>de</span> <span class='ocrx_word' id='word_1_255' title='bbox 1838 4707 2183 4807; x_wconf 89' lang='lat' dir='ltr'>Repub.)</span> 
     </span>
     <span class='ocr_line' id='line_1_45' title="bbox 634 4805 2182 4908; baseline 0.005 -28"><span class='ocrx_word' id='word_1_256' title='bbox 634 4822 899 4883; x_wconf 85' lang='lat' dir='ltr'>movet</span> <span class='ocrx_word' id='word_1_257' title='bbox 947 4831 1204 4905; x_wconf 85' lang='lat' dir='ltr'>corpus</span> <span class='ocrx_word' id='word_1_258' title='bbox 1252 4805 1431 4886; x_wconf 88' lang='lat' dir='ltr'>ficut</span> <span class='ocrx_word' id='word_1_259' title='bbox 1479 4830 1791 4887; x_wconf 80' lang='lat' dir='ltr'>movens</span> <span class='ocrx_word' id='word_1_260' title='bbox 1836 4806 2182 4908; x_wconf 87' lang='lat' dir='ltr'>seipsum.</span> 
     </span>
     <span class='ocr_line' id='line_1_46' title="bbox 632 4901 2180 5006; baseline 0.004 -21"><span class='ocrx_word' id='word_1_261' title='bbox 632 4901 767 4985; x_wconf 82' lang='lat' dir='ltr'>Est</span> <span class='ocrx_word' id='word_1_262' title='bbox 820 4929 1003 5005; x_wconf 84' lang='lat' dir='ltr'>ergo</span> <span class='ocrx_word' id='word_1_263' title='bbox 1049 4907 1127 4985; x_wconf 89' lang='lat' dir='ltr'>in</span> <span class='ocrx_word' id='word_1_264' title='bbox 1184 4906 1529 5006; x_wconf 88' lang='lat' dir='ltr'>potestate</span> <span class='ocrx_word' id='word_1_265' title='bbox 1580 4909 1847 4990; x_wconf 69' lang='lat' dir='ltr'>animm</span> <span class='ocrx_word' id='word_1_266' title='bbox 1878 4924 2180 4991; x_wconf 79' lang='lat' dir='ltr'>movere</span> 
     </span>
    </p>
   </div>
   <div class='ocr_carea' id='block_1_6' title="bbox 635 5008 2179 5127">
    <p class='ocr_par' dir='ltr' id='par_1_10' title="bbox 635 5008 2179 5127">
     <span class='ocr_line' id='line_1_47' title="bbox 635 5008 2179 5127; baseline 0.008 -43"><span class='ocrx_word' id='word_1_267' title='bbox 635 5027 900 5107; x_wconf 82' lang='lat' dir='ltr'>corpus</span> <span class='ocrx_word' id='word_1_268' title='bbox 923 5063 951 5109; x_wconf 87' lang='lat'>‚</span> <span class='ocrx_word' id='word_1_269' title='bbox 999 5008 1081 5095; x_wconf 83' lang='lat'>&amp;</span> <span class='ocrx_word' id='word_1_270' title='bbox 1122 5032 1278 5091; x_wconf 83' lang='lat' dir='ltr'>non</span> <span class='ocrx_word' id='word_1_271' title='bbox 1326 5034 1669 5127; x_wconf 66' lang='lat' dir='ltr'>movere,</span> <span class='ocrx_word' id='word_1_272' title='bbox 1722 5011 1803 5099; x_wconf 83' lang='lat' dir='ltr'>Si</span> <span class='ocrx_word' id='word_1_273' title='bbox 1833 5022 2179 5117; x_wconf 74' lang='lat' dir='ltr'>ergonon</span> 
     </span>
    </p>
   </div>
   <div class='ocr_carea' id='block_1_7' title="bbox 2262 481 3847 1768">
    <p class='ocr_par' dir='ltr' id='par_1_11' title="bbox 2264 481 3847 1052">
     <span class='ocr_line' id='line_1_48' title="bbox 3703 481 3818 542; baseline 0 -19"><span class='ocrx_word' id='word_1_274' title='bbox 3703 481 3818 542; x_wconf 59' lang='grc' dir='ltr'>ιο,</span> 
     </span>
     <span class='ocr_line' id='line_1_49' title="bbox 2264 553 3823 659; baseline -0.001 -21"><span class='ocrx_word' id='word_1_275' title='bbox 2264 558 2519 638; x_wconf 89' lang='lat' dir='ltr'>unitur</span> <span class='ocrx_word' id='word_1_276' title='bbox 2569 554 2640 636; x_wconf 91' lang='lat' dir='ltr'>ei</span> <span class='ocrx_word' id='word_1_277' title='bbox 2710 554 2840 633; x_wconf 83' lang='lat' dir='ltr'>nifi</span> <span class='ocrx_word' id='word_1_278' title='bbox 2914 553 3091 636; x_wconf 85' lang='lat' dir='ltr'>ficut</span> <span class='ocrx_word' id='word_1_279' title='bbox 3155 570 3405 634; x_wconf 89' lang='lat' dir='ltr'>motor</span> <span class='ocrx_word' id='word_1_280' title='bbox 3470 560 3823 659; x_wconf 51' lang='lat' dir='ltr'>mobilis,</span> 
     </span>
     <span class='ocr_line' id='line_1_50' title="bbox 2266 656 3821 758; baseline 0.001 -20"><span class='ocrx_word' id='word_1_281' title='bbox 2266 660 2409 738; x_wconf 90' lang='lat' dir='ltr'>erit</span> <span class='ocrx_word' id='word_1_282' title='bbox 2461 659 2541 737; x_wconf 89' lang='lat' dir='ltr'>in</span> <span class='ocrx_word' id='word_1_283' title='bbox 2594 656 2941 758; x_wconf 89' lang='lat' dir='ltr'>potestate</span> <span class='ocrx_word' id='word_1_284' title='bbox 2987 657 3248 736; x_wconf 83' lang='lat' dir='ltr'>animae</span> <span class='ocrx_word' id='word_1_285' title='bbox 3279 658 3821 758; x_wconf 84' lang='lat' dir='ltr'>separariacor-</span> 
     </span>
     <span class='ocr_line' id='line_1_51' title="bbox 2268 758 3824 862; baseline 0.001 -23"><span class='ocrx_word' id='word_1_286' title='bbox 2268 785 2443 862; x_wconf 86' lang='lat' dir='ltr'>pore</span> <span class='ocrx_word' id='word_1_287' title='bbox 2496 784 2727 860; x_wconf 89' lang='lat' dir='ltr'>quum</span> <span class='ocrx_word' id='word_1_288' title='bbox 2778 758 3140 855; x_wconf 78' lang='lat' dir='ltr'>voluerit,</span> <span class='ocrx_word' id='word_1_289' title='bbox 3193 759 3266 837; x_wconf 91' lang='grc'><strong>8(</strong></span> <span class='ocrx_word' id='word_1_290' title='bbox 3318 761 3588 839; x_wconf 89' lang='lat' dir='ltr'>iterum</span> <span class='ocrx_word' id='word_1_291' title='bbox 3626 762 3824 841; x_wconf 89' lang='lat' dir='ltr'>uniri</span> 
     </span>
     <span class='ocr_line' id='line_1_52' title="bbox 2267 860 3847 965; baseline -0.002 -24"><span class='ocrx_word' id='word_1_292' title='bbox 2267 863 2341 942; x_wconf 86' lang='lat' dir='ltr'>ei</span> <span class='ocrx_word' id='word_1_293' title='bbox 2412 887 2589 941; x_wconf 90' lang='lat' dir='ltr'>cum</span> <span class='ocrx_word' id='word_1_294' title='bbox 2656 860 3032 942; x_wconf 84' lang='lat' dir='ltr'>voluerit:</span> <span class='ocrx_word' id='word_1_295' title='bbox 3113 862 3314 962; x_wconf 89' lang='lat' dir='ltr'>quod</span> <span class='ocrx_word' id='word_1_296' title='bbox 3407 878 3611 965; x_wconf 88' lang='lat' dir='ltr'>patet</span> <span class='ocrx_word' id='word_1_297' title='bbox 3679 867 3847 950; x_wconf 69' lang='lat' dir='ltr'>effe„</span> 
     </span>
     <span class='ocr_line' id='line_1_53' title="bbox 2268 963 3847 1052; baseline 0.003 -10"><span class='ocrx_word' id='word_1_298' title='bbox 2268 963 2533 1043; x_wconf 86' lang='lat' dir='ltr'>salsum</span> <span class='ocrx_word' id='word_1_299' title='bbox 2555 1021 2576 1041; x_wconf 88' lang='lat'><strong>.</strong></span> <span class='ocrx_word' id='word_1_300' title='bbox 3197 1045 3204 1052; x_wconf 69' lang='grc'><em>,</em></span> <span class='ocrx_word' id='word_1_301' title='bbox 3841 1039 3847 1046; x_wconf 83' lang='grc'><strong>.</strong></span> 
     </span>
    </p>

    <p class='ocr_par' dir='ltr' id='par_1_12' title="bbox 2262 1064 3836 1768">
     <span class='ocr_line' id='line_1_54' title="bbox 2374 1064 3824 1167; baseline 0.005 -22"><span class='ocrx_word' id='word_1_302' title='bbox 2374 1067 2601 1167; x_wconf 80' lang='lat' dir='ltr'>Quod</span> <span class='ocrx_word' id='word_1_303' title='bbox 2650 1080 2901 1145; x_wconf 88' lang='lat' dir='ltr'>autem</span> <span class='ocrx_word' id='word_1_304' title='bbox 2951 1079 3036 1145; x_wconf 89' lang='lat' dir='ltr'>ut</span> <span class='ocrx_word' id='word_1_305' title='bbox 3085 1067 3377 1167; x_wconf 87' lang='lat' dir='ltr'>propria</span> <span class='ocrx_word' id='word_1_306' title='bbox 3414 1064 3650 1149; x_wconf 86' lang='lat' dir='ltr'>forma</span> <span class='ocrx_word' id='word_1_307' title='bbox 3666 1069 3824 1152; x_wconf 85' lang='lat' dir='ltr'>ani-</span> 
     </span>
     <span class='ocr_line' id='line_1_55' title="bbox 2266 1166 3824 1269; baseline 0.004 -24"><span class='ocrx_word' id='word_1_308' title='bbox 2266 1193 2395 1245; x_wconf 93' lang='lat' dir='ltr'>ma</span> <span class='ocrx_word' id='word_1_309' title='bbox 2443 1166 2733 1267; x_wconf 92' lang='lat' dir='ltr'>corpori</span> <span class='ocrx_word' id='word_1_310' title='bbox 2784 1167 3078 1247; x_wconf 88' lang='lat' dir='ltr'>uniatur</span> <span class='ocrx_word' id='word_1_311' title='bbox 3096 1222 3123 1264; x_wconf 89' lang='lat'>‚</span> <span class='ocrx_word' id='word_1_312' title='bbox 3173 1166 3268 1247; x_wconf 83' lang='lat' dir='ltr'>fic</span> <span class='ocrx_word' id='word_1_313' title='bbox 3319 1173 3664 1269; x_wconf 86' lang='lat' dir='ltr'>probatur</span> <span class='ocrx_word' id='word_1_314' title='bbox 3682 1228 3701 1248; x_wconf 89' lang='lat'><strong>.</strong></span> <span class='ocrx_word' id='word_1_315' title='bbox 3724 1169 3824 1251; x_wconf 82' lang='lat'>11-</span> 
     </span>
     <span class='ocr_line' id='line_1_56' title="bbox 2264 1268 3826 1448; baseline 0.003 -101"><span class='ocrx_word' id='word_1_316' title='bbox 2264 1270 2392 1347; x_wconf 91' lang='lat' dir='ltr'>lud</span> <span class='ocrx_word' id='word_1_317' title='bbox 2442 1294 2594 1371; x_wconf 89' lang='lat' dir='ltr'>quo</span> <span class='ocrx_word' id='word_1_318' title='bbox 2642 1268 2922 1448; x_wconf 48' lang='grc' dir='ltr'>αἰξῗὲιίἀ</span> <span class='ocrx_word' id='word_1_319' title='bbox 2971 1269 3056 1348; x_wconf 87' lang='lat' dir='ltr'>fit</span> <span class='ocrx_word' id='word_1_320' title='bbox 3105 1271 3197 1348; x_wconf 89' lang='lat' dir='ltr'>de</span> <span class='ocrx_word' id='word_1_321' title='bbox 3246 1272 3578 1372; x_wconf 89' lang='lat' dir='ltr'>potentia</span> <span class='ocrx_word' id='word_1_322' title='bbox 3621 1290 3826 1370; x_wconf 76' lang='lat' dir='ltr'>ente,</span> 
     </span>
     <span class='ocr_line' id='line_1_57' title="bbox 2262 1368 3824 1470; baseline 0.004 -22"><span class='ocrx_word' id='word_1_323' title='bbox 2262 1370 2431 1450; x_wconf 60' lang='lat' dir='ltr'>acin</span> <span class='ocrx_word' id='word_1_324' title='bbox 2483 1396 2614 1449; x_wconf 85' lang='lat' dir='ltr'>ens</span> <span class='ocrx_word' id='word_1_325' title='bbox 2649 1427 2671 1462; x_wconf 89' lang='lat'>‚</span> <span class='ocrx_word' id='word_1_326' title='bbox 2874 1370 2950 1449; x_wconf 99' lang='grc'><strong>8(</strong></span> <span class='ocrx_word' id='word_1_327' title='bbox 2999 1368 3237 1450; x_wconf 87' lang='lat' dir='ltr'>forma</span> <span class='ocrx_word' id='word_1_328' title='bbox 3270 1428 3297 1470; x_wconf 89' lang='lat'>‚</span> <span class='ocrx_word' id='word_1_329' title='bbox 3382 1373 3458 1451; x_wconf 93' lang='grc'><strong>8(</strong></span> <span class='ocrx_word' id='word_1_330' title='bbox 3506 1371 3710 1454; x_wconf 61' lang='lat' dir='ltr'>acius</span> <span class='ocrx_word' id='word_1_331' title='bbox 3764 1375 3824 1454; x_wconf 87' lang='lat' dir='ltr'>i-</span> 
     </span>
     <span class='ocr_line' id='line_1_58' title="bbox 2264 1472 3836 1574; baseline 0.004 -24"><span class='ocrx_word' id='word_1_332' title='bbox 2264 1472 2486 1571; x_wconf 88' lang='lat' dir='ltr'>pfius.</span> <span class='ocrx_word' id='word_1_333' title='bbox 2540 1477 2824 1573; x_wconf 82' lang='lat' dir='ltr'>Corpus</span> <span class='ocrx_word' id='word_1_334' title='bbox 2875 1488 3123 1551; x_wconf 89' lang='lat' dir='ltr'>autem</span> <span class='ocrx_word' id='word_1_335' title='bbox 3159 1498 3288 1574; x_wconf 88' lang='lat' dir='ltr'>per</span> <span class='ocrx_word' id='word_1_336' title='bbox 3307 1474 3635 1553; x_wconf 84' lang='lat' dir='ltr'>animam</span> <span class='ocrx_word' id='word_1_337' title='bbox 3648 1472 3836 1572; x_wconf 66' lang='lat' dir='ltr'>astuj</span> 
     </span>
     <span class='ocr_line' id='line_1_59' title="bbox 2264 1574 3832 1673; baseline 0.003 -21"><span class='ocrx_word' id='word_1_338' title='bbox 2264 1575 2349 1653; x_wconf 88' lang='lat' dir='ltr'>fit</span> <span class='ocrx_word' id='word_1_339' title='bbox 2400 1599 2536 1653; x_wconf 86' lang='lat' dir='ltr'>ens</span> <span class='ocrx_word' id='word_1_340' title='bbox 2584 1575 2674 1653; x_wconf 91' lang='lat' dir='ltr'>de</span> <span class='ocrx_word' id='word_1_341' title='bbox 2725 1575 3052 1673; x_wconf 83' lang='lat' dir='ltr'>potentia</span> <span class='ocrx_word' id='word_1_342' title='bbox 3102 1574 3507 1655; x_wconf 84' lang='lat' dir='ltr'>existente:</span> <span class='ocrx_word' id='word_1_343' title='bbox 3563 1577 3832 1672; x_wconf 73' lang='lat' dir='ltr'>vivere</span> 
     </span>
     <span class='ocr_line' id='line_1_60' title="bbox 2263 1674 3827 1768; baseline 0.002 -14"><span class='ocrx_word' id='word_1_344' title='bbox 2263 1677 2471 1754; x_wconf 90' lang='lat' dir='ltr'>enim</span> <span class='ocrx_word' id='word_1_345' title='bbox 2525 1674 2624 1752; x_wconf 82' lang='lat' dir='ltr'>est</span> <span class='ocrx_word' id='word_1_346' title='bbox 2676 1678 2818 1753; x_wconf 78' lang='lat' dir='ltr'>effe</span> <span class='ocrx_word' id='word_1_347' title='bbox 2872 1676 3236 1768; x_wconf 77' lang='lat' dir='ltr'>viventis3</span> <span class='ocrx_word' id='word_1_348' title='bbox 3288 1676 3536 1755; x_wconf 89' lang='lat' dir='ltr'>semen</span> <span class='ocrx_word' id='word_1_349' title='bbox 3572 1695 3827 1757; x_wconf 89' lang='lat' dir='ltr'>autem</span> 
     </span>
    </p>
   </div>
   <div class='ocr_carea' id='block_1_8' title="bbox 2262 1776 3966 1857">
    <p class='ocr_par' dir='ltr' id='par_1_13' title="bbox 2262 1776 3966 1857">
     <span class='ocr_line' id='line_1_61' title="bbox 2262 1776 3966 1857; baseline 0.002 -2"><span class='ocrx_word' id='word_1_350' title='bbox 2262 1796 2433 1856; x_wconf 87' lang='lat' dir='ltr'>ante</span> <span class='ocrx_word' id='word_1_351' title='bbox 2483 1777 3018 1855; x_wconf 89' lang='lat' dir='ltr'>animationem</span> <span class='ocrx_word' id='word_1_352' title='bbox 3071 1776 3170 1854; x_wconf 85' lang='lat' dir='ltr'>est</span> <span class='ocrx_word' id='word_1_353' title='bbox 3248 1777 3506 1856; x_wconf 84' lang='lat' dir='ltr'>vivens</span> <span class='ocrx_word' id='word_1_354' title='bbox 3582 1779 3824 1857; x_wconf 86' lang='lat' dir='ltr'>solum</span> <span class='ocrx_word' id='word_1_355' title='bbox 3955 1776 3966 1786; x_wconf 72' lang='grc'>’</span> 
     </span>
    </p>
   </div>
   <div class='ocr_carea' id='block_1_9' title="bbox 2260 1876 3824 1978">
    <p class='ocr_par' dir='ltr' id='par_1_14' title="bbox 2260 1876 3824 1978">
     <span class='ocr_line' id='line_1_62' title="bbox 2260 1876 3824 1978; baseline 0.002 -23"><span class='ocrx_word' id='word_1_356' title='bbox 2260 1879 2344 1956; x_wconf 89' lang='lat' dir='ltr'>in</span> <span class='ocrx_word' id='word_1_357' title='bbox 2396 1878 2768 1976; x_wconf 76' lang='lat' dir='ltr'>potentia,</span> <span class='ocrx_word' id='word_1_358' title='bbox 2820 1902 2951 1978; x_wconf 88' lang='lat' dir='ltr'>per</span> <span class='ocrx_word' id='word_1_359' title='bbox 3005 1879 3339 1955; x_wconf 85' lang='lat' dir='ltr'>animam</span> <span class='ocrx_word' id='word_1_360' title='bbox 3410 1894 3663 1958; x_wconf 83' lang='lat' dir='ltr'>autem</span> <span class='ocrx_word' id='word_1_361' title='bbox 3730 1876 3824 1958; x_wconf 84' lang='lat' dir='ltr'>fit</span> 
     </span>
    </p>
   </div>
   <div class='ocr_carea' id='block_1_10' title="bbox 2262 1972 4010 2095">
    <p class='ocr_par' dir='ltr' id='par_1_15' title="bbox 2262 1972 4010 2095">
     <span class='ocr_line' id='line_1_63' title="bbox 2262 1972 4010 2095; baseline 0.001 -37"><span class='ocrx_word' id='word_1_362' title='bbox 2262 1980 2532 2076; x_wconf 82' lang='lat' dir='ltr'>vivens</span> <span class='ocrx_word' id='word_1_363' title='bbox 2583 1975 2751 2057; x_wconf 66' lang='lat' dir='ltr'>aaa</span> <span class='ocrx_word' id='word_1_364' title='bbox 2789 2035 2812 2054; x_wconf 90' lang='lat'><strong>.</strong></span> <span class='ocrx_word' id='word_1_365' title='bbox 2886 1977 3013 2057; x_wconf 83' lang='lat' dir='ltr'>Est</span> <span class='ocrx_word' id='word_1_366' title='bbox 3067 1977 3300 2095; x_wconf 76' lang='lat' dir='ltr'>igitur</span> <span class='ocrx_word' id='word_1_367' title='bbox 3367 1980 3624 2060; x_wconf 87' lang='lat' dir='ltr'>anima</span> <span class='ocrx_word' id='word_1_368' title='bbox 3674 1976 3825 2073; x_wconf 32' lang='lat' dir='ltr'>for-⁶</span> <span class='ocrx_word' id='word_1_369' title='bbox 3884 1972 3905 1998; x_wconf 78' lang='lat'><strong><em>⁴</em></strong></span> <span class='ocrx_word' id='word_1_370' title='bbox 3999 1981 4010 1992; x_wconf 76' lang='grc'><strong><em>’</em></strong></span> 
     </span>
    </p>
   </div>
   <div class='ocr_carea' id='block_1_11' title="bbox 2259 2079 3912 4676">
    <p class='ocr_par' dir='ltr' id='par_1_16' title="bbox 2259 2079 3912 4676">
     <span class='ocr_line' id='line_1_64' title="bbox 2259 2079 3836 2178; baseline -0.001 -20"><span class='ocrx_word' id='word_1_371' title='bbox 2259 2105 2390 2158; x_wconf 90' lang='lat' dir='ltr'>ma</span> <span class='ocrx_word' id='word_1_372' title='bbox 2441 2080 2771 2178; x_wconf 85' lang='lat' dir='ltr'>corporis</span> <span class='ocrx_word' id='word_1_373' title='bbox 2819 2079 3180 2157; x_wconf 77' lang='lat' dir='ltr'>animati.</span> <span class='ocrx_word' id='word_1_374' title='bbox 3827 2167 3836 2172; x_wconf 53' lang='lat'>‚</span> 
     </span>
     <span class='ocr_line' id='line_1_65' title="bbox 2363 2180 3824 2283; baseline 0.004 -26"><span class='ocrx_word' id='word_1_375' title='bbox 2363 2208 2435 2280; x_wconf 88' lang='lat'>7.</span> <span class='ocrx_word' id='word_1_376' title='bbox 2493 2180 2876 2279; x_wconf 82' lang='lat' dir='ltr'>Amplius.</span> <span class='ocrx_word' id='word_1_377' title='bbox 2932 2181 3135 2278; x_wconf 87' lang='lat' dir='ltr'>Quia</span> <span class='ocrx_word' id='word_1_378' title='bbox 3185 2194 3343 2261; x_wconf 88' lang='lat' dir='ltr'>tam</span> <span class='ocrx_word' id='word_1_379' title='bbox 3376 2183 3560 2279; x_wconf 80' lang='lat' dir='ltr'>effe,</span> <span class='ocrx_word' id='word_1_380' title='bbox 3590 2187 3824 2283; x_wconf 81' lang='lat' dir='ltr'>quam&#39;</span> 
     </span>
     <span class='ocr_line' id='line_1_66' title="bbox 2259 2278 3830 2385; baseline 0.001 -23"><span class='ocrx_word' id='word_1_381' title='bbox 2259 2280 2551 2382; x_wconf 87' lang='lat' dir='ltr'>operari</span> <span class='ocrx_word' id='word_1_382' title='bbox 2602 2305 2758 2359; x_wconf 87' lang='lat' dir='ltr'>non</span> <span class='ocrx_word' id='word_1_383' title='bbox 2807 2278 2909 2359; x_wconf 89' lang='lat' dir='ltr'>est</span> <span class='ocrx_word' id='word_1_384' title='bbox 2962 2280 3202 2360; x_wconf 92' lang='lat' dir='ltr'>solum</span> <span class='ocrx_word' id='word_1_385' title='bbox 3255 2282 3504 2370; x_wconf 76' lang='lat' dir='ltr'>formae</span> <span class='ocrx_word' id='word_1_386' title='bbox 3521 2336 3549 2379; x_wconf 79' lang='lat'>‚</span> <span class='ocrx_word' id='word_1_387' title='bbox 3579 2307 3830 2385; x_wconf 73' lang='lat' dir='ltr'>neque</span> 
     </span>
     <span class='ocr_line' id='line_1_67' title="bbox 2265 2381 3828 2483; baseline 0.001 -21"><span class='ocrx_word' id='word_1_388' title='bbox 2265 2383 2503 2462; x_wconf 90' lang='lat' dir='ltr'>solum</span> <span class='ocrx_word' id='word_1_389' title='bbox 2553 2381 2880 2460; x_wconf 86' lang='lat' dir='ltr'>materiae</span> <span class='ocrx_word' id='word_1_390' title='bbox 2909 2441 2938 2480; x_wconf 87' lang='lat'><strong>‚</strong></span> <span class='ocrx_word' id='word_1_391' title='bbox 2988 2381 3107 2461; x_wconf 90' lang='lat' dir='ltr'>sed</span> <span class='ocrx_word' id='word_1_392' title='bbox 3156 2383 3585 2481; x_wconf 72' lang='lat' dir='ltr'>conjunffit,</span> <span class='ocrx_word' id='word_1_393' title='bbox 3627 2389 3828 2483; x_wconf 78' lang='lat' dir='ltr'>effe,</span> 
     </span>
     <span class='ocr_line' id='line_1_68' title="bbox 2262 2484 3823 2588; baseline 0.002 -25"><span class='ocrx_word' id='word_1_394' title='bbox 2262 2485 2338 2563; x_wconf 91' lang='grc'><strong>8(</strong></span> <span class='ocrx_word' id='word_1_395' title='bbox 2388 2507 2613 2584; x_wconf 87' lang='lat' dir='ltr'>agere</span> <span class='ocrx_word' id='word_1_396' title='bbox 2659 2484 2945 2563; x_wconf 85' lang='lat' dir='ltr'>duobus</span> <span class='ocrx_word' id='word_1_397' title='bbox 2995 2485 3462 2581; x_wconf 86' lang='lat' dir='ltr'>attribuitur,</span> <span class='ocrx_word' id='word_1_398' title='bbox 3497 2511 3823 2588; x_wconf 86' lang='lat' dir='ltr'>quorum</span> 
     </span>
     <span class='ocr_line' id='line_1_69' title="bbox 2262 2585 3822 2667; baseline 0 -3"><span class='ocrx_word' id='word_1_399' title='bbox 2262 2611 2501 2664; x_wconf 88' lang='lat' dir='ltr'>unum</span> <span class='ocrx_word' id='word_1_400' title='bbox 2553 2588 2626 2663; x_wconf 88' lang='lat' dir='ltr'>se</span> <span class='ocrx_word' id='word_1_401' title='bbox 2677 2585 2895 2662; x_wconf 91' lang='lat' dir='ltr'>habet</span> <span class='ocrx_word' id='word_1_402' title='bbox 2945 2587 3038 2663; x_wconf 85' lang='lat' dir='ltr'>ad</span> <span class='ocrx_word' id='word_1_403' title='bbox 3086 2585 3404 2664; x_wconf 89' lang='lat' dir='ltr'>alterum</span> <span class='ocrx_word' id='word_1_404' title='bbox 3455 2585 3635 2667; x_wconf 88' lang='lat' dir='ltr'>ficut</span> <span class='ocrx_word' id='word_1_405' title='bbox 3674 2585 3822 2666; x_wconf 88' lang='lat' dir='ltr'>for·-</span> 
     </span>
     <span class='ocr_line' id='line_1_70' title="bbox 2260 2684 3826 2787; baseline 0 -23"><span class='ocrx_word' id='word_1_406' title='bbox 2260 2712 2390 2764; x_wconf 87' lang='lat' dir='ltr'>ma</span> <span class='ocrx_word' id='word_1_407' title='bbox 2456 2688 2549 2763; x_wconf 91' lang='lat' dir='ltr'>ad</span> <span class='ocrx_word' id='word_1_408' title='bbox 2617 2684 3065 2761; x_wconf 89' lang='lat' dir='ltr'>materiam:</span> <span class='ocrx_word' id='word_1_409' title='bbox 3138 2685 3452 2772; x_wconf 87' lang='lat' dir='ltr'>dicimus</span> <span class='ocrx_word' id='word_1_410' title='bbox 3546 2686 3754 2764; x_wconf 89' lang='lat' dir='ltr'>enirn</span> <span class='ocrx_word' id='word_1_411' title='bbox 3789 2738 3826 2787; x_wconf 57' lang='lat'><em>2</em></span> 
     </span>
     <span class='ocr_line' id='line_1_71' title="bbox 2266 2781 3824 2887; baseline 0.004 -25"><span class='ocrx_word' id='word_1_412' title='bbox 2266 2786 2467 2886; x_wconf 90' lang='lat' dir='ltr'>quod</span> <span class='ocrx_word' id='word_1_413' title='bbox 2518 2787 2749 2865; x_wconf 88' lang='lat' dir='ltr'>homo</span> <span class='ocrx_word' id='word_1_414' title='bbox 2799 2781 2900 2885; x_wconf 75' lang='lat' dir='ltr'>est</span> <span class='ocrx_word' id='word_1_415' title='bbox 2945 2783 3167 2866; x_wconf 83' lang='lat' dir='ltr'>-sanus</span> <span class='ocrx_word' id='word_1_416' title='bbox 3217 2811 3564 2887; x_wconf 84' lang='lat' dir='ltr'>corpore,</span> <span class='ocrx_word' id='word_1_417' title='bbox 3614 2787 3690 2867; x_wconf 92' lang='grc'><strong>8(</strong></span> <span class='ocrx_word' id='word_1_418' title='bbox 3721 2786 3824 2868; x_wconf 88' lang='lat' dir='ltr'>sa-</span> 
     </span>
     <span class='ocr_line' id='line_1_72' title="bbox 2264 2885 3827 2990; baseline 0.003 -25"><span class='ocrx_word' id='word_1_419' title='bbox 2264 2886 2498 2965; x_wconf 88' lang='lat' dir='ltr'>nitate</span> <span class='ocrx_word' id='word_1_420' title='bbox 2533 2940 2565 2982; x_wconf 87' lang='lat'><strong>‚</strong></span> <span class='ocrx_word' id='word_1_421' title='bbox 2611 2886 2689 2966; x_wconf 91' lang='grc'><strong>8(</strong></span> <span class='ocrx_word' id='word_1_422' title='bbox 2735 2887 2934 2987; x_wconf 88' lang='lat' dir='ltr'>quod</span> <span class='ocrx_word' id='word_1_423' title='bbox 2984 2885 3092 2964; x_wconf 84' lang='lat' dir='ltr'>est</span> <span class='ocrx_word' id='word_1_424' title='bbox 3156 2887 3388 2969; x_wconf 86' lang='lat' dir='ltr'>sciens</span> <span class='ocrx_word' id='word_1_425' title='bbox 3439 2888 3745 2969; x_wconf 81' lang='lat' dir='ltr'>scientia</span> <span class='ocrx_word' id='word_1_426' title='bbox 3793 2945 3827 2990; x_wconf 86' lang='lat'>,</span> 
     </span>
     <span class='ocr_line' id='line_1_73' title="bbox 2261 2987 3830 3087; baseline 0.001 -16"><span class='ocrx_word' id='word_1_427' title='bbox 2261 2989 2338 3071; x_wconf 86' lang='grc'><strong>8(</strong></span> <span class='ocrx_word' id='word_1_428' title='bbox 2390 2988 2679 3079; x_wconf 75' lang='lat' dir='ltr'>anima3</span> <span class='ocrx_word' id='word_1_429' title='bbox 2730 3012 3051 3087; x_wconf 86' lang='lat' dir='ltr'>quorum</span> <span class='ocrx_word' id='word_1_430' title='bbox 3100 2987 3401 3070; x_wconf 88' lang='lat' dir='ltr'>scientia</span> <span class='ocrx_word' id='word_1_431' title='bbox 3450 2990 3548 3071; x_wconf 86' lang='lat' dir='ltr'>est</span> <span class='ocrx_word' id='word_1_432' title='bbox 3581 2990 3830 3073; x_wconf 81' lang='lat' dir='ltr'>forma</span> 
     </span>
     <span class='ocr_line' id='line_1_74' title="bbox 2263 3089 3826 3197; baseline 0.004 -28"><span class='ocrx_word' id='word_1_433' title='bbox 2263 3091 2530 3171; x_wconf 78' lang='lat' dir='ltr'>animae</span> <span class='ocrx_word' id='word_1_434' title='bbox 2585 3089 2877 3170; x_wconf 86' lang='lat' dir='ltr'>scientis</span> <span class='ocrx_word' id='word_1_435' title='bbox 2909 3143 2935 3186; x_wconf 83' lang='lat'>‚</span> <span class='ocrx_word' id='word_1_436' title='bbox 3009 3090 3084 3170; x_wconf 92' lang='grc'><strong>8(</strong></span> <span class='ocrx_word' id='word_1_437' title='bbox 3150 3092 3416 3173; x_wconf 83' lang='lat' dir='ltr'>sani-tas</span> <span class='ocrx_word' id='word_1_438' title='bbox 3491 3094 3826 3197; x_wconf 85' lang='lat' dir='ltr'>corporis</span> 
     </span>
     <span class='ocr_line' id='line_1_75' title="bbox 2266 3191 3822 3287; baseline 0.003 -16"><span class='ocrx_word' id='word_1_439' title='bbox 2266 3191 2422 3272; x_wconf 81' lang='lat' dir='ltr'>sani</span> <span class='ocrx_word' id='word_1_440' title='bbox 2447 3252 2466 3270; x_wconf 92' lang='lat'>.</span> <span class='ocrx_word' id='word_1_441' title='bbox 2522 3192 2803 3273; x_wconf 80' lang='lat' dir='ltr'>Vivere</span> <span class='ocrx_word' id='word_1_442' title='bbox 2852 3208 3147 3287; x_wconf 83' lang='lat' dir='ltr'>autem,</span> <span class='ocrx_word' id='word_1_443' title='bbox 3198 3195 3274 3274; x_wconf 91' lang='grc'><strong>8(</strong></span> <span class='ocrx_word' id='word_1_444' title='bbox 3326 3193 3590 3275; x_wconf 89' lang='lat' dir='ltr'>sentire</span> <span class='ocrx_word' id='word_1_445' title='bbox 3615 3196 3822 3275; x_wconf 82' lang='lat' dir='ltr'>attri-</span> 
     </span>
     <span class='ocr_line' id='line_1_76' title="bbox 2266 3294 3826 3394; baseline 0.001 -21"><span class='ocrx_word' id='word_1_446' title='bbox 2266 3294 2519 3374; x_wconf 84' lang='lat' dir='ltr'>buitur</span> <span class='ocrx_word' id='word_1_447' title='bbox 2570 3294 2880 3389; x_wconf 81' lang='lat' dir='ltr'>animae‚</span> <span class='ocrx_word' id='word_1_448' title='bbox 2953 3294 3027 3373; x_wconf 92' lang='grc'>8(</span> <span class='ocrx_word' id='word_1_449' title='bbox 3076 3296 3370 3394; x_wconf 89' lang='lat' dir='ltr'>corpori</span> <span class='ocrx_word' id='word_1_450' title='bbox 3411 3323 3428 3372; x_wconf 74' lang='grc' dir='ltr'>ε</span> <span class='ocrx_word' id='word_1_451' title='bbox 3501 3297 3826 3375; x_wconf 87' lang='lat' dir='ltr'>dicimur</span> 
     </span>
     <span class='ocr_line' id='line_1_77' title="bbox 2264 3393 3826 3493; baseline 0 -20"><span class='ocrx_word' id='word_1_452' title='bbox 2264 3395 2473 3473; x_wconf 86' lang='lat' dir='ltr'>enirn</span> <span class='ocrx_word' id='word_1_453' title='bbox 2520 3395 2779 3472; x_wconf 88' lang='lat' dir='ltr'>vivere</span> <span class='ocrx_word' id='word_1_454' title='bbox 2819 3446 2846 3488; x_wconf 84' lang='lat'>‚</span> <span class='ocrx_word' id='word_1_455' title='bbox 2912 3393 2988 3472; x_wconf 90' lang='grc'>8(</span> <span class='ocrx_word' id='word_1_456' title='bbox 3039 3393 3302 3473; x_wconf 81' lang='lat' dir='ltr'>sentire</span> <span class='ocrx_word' id='word_1_457' title='bbox 3379 3395 3631 3474; x_wconf 87' lang='lat' dir='ltr'>anima</span> <span class='ocrx_word' id='word_1_458' title='bbox 3666 3449 3697 3492; x_wconf 89' lang='lat'>‚</span> <span class='ocrx_word' id='word_1_459' title='bbox 3744 3396 3826 3493; x_wconf 84' lang='grc'><strong>8(</strong></span> 
     </span>
     <span class='ocr_line' id='line_1_78' title="bbox 2265 3493 3824 3598; baseline -0.001 -23"><span class='ocrx_word' id='word_1_460' title='bbox 2265 3519 2617 3594; x_wconf 75' lang='lat' dir='ltr'>corpore3</span> <span class='ocrx_word' id='word_1_461' title='bbox 2668 3493 2792 3574; x_wconf 85' lang='lat' dir='ltr'>sed</span> <span class='ocrx_word' id='word_1_462' title='bbox 2837 3493 3086 3571; x_wconf 89' lang='lat' dir='ltr'>anima</span> <span class='ocrx_word' id='word_1_463' title='bbox 3109 3495 3598 3591; x_wconf 88' lang='lat' dir='ltr'>tamen‚ficut</span> <span class='ocrx_word' id='word_1_464' title='bbox 3625 3495 3824 3598; x_wconf 89' lang='lat' dir='ltr'>prin-</span> 
     </span>
     <span class='ocr_line' id='line_1_79' title="bbox 2268 3594 3826 3699; baseline -0.001 -21"><span class='ocrx_word' id='word_1_465' title='bbox 2268 3595 2473 3698; x_wconf 85' lang='lat' dir='ltr'>cipio</span> <span class='ocrx_word' id='word_1_466' title='bbox 2521 3594 2735 3690; x_wconf 80' lang='lat' dir='ltr'>vitae,</span> <span class='ocrx_word' id='word_1_467' title='bbox 2784 3595 2858 3673; x_wconf 90' lang='grc'><strong>8(</strong></span> <span class='ocrx_word' id='word_1_468' title='bbox 2911 3594 3181 3676; x_wconf 87' lang='lat' dir='ltr'>sensus.</span> <span class='ocrx_word' id='word_1_469' title='bbox 3236 3596 3363 3678; x_wconf 82' lang='lat' dir='ltr'>Est</span> <span class='ocrx_word' id='word_1_470' title='bbox 3413 3596 3643 3699; x_wconf 81' lang='lat' dir='ltr'>igitur</span> <span class='ocrx_word' id='word_1_471' title='bbox 3669 3596 3826 3676; x_wconf 84' lang='lat' dir='ltr'>a&#39;ni-</span> 
     </span>
     <span class='ocr_line' id='line_1_80' title="bbox 2270 3696 3912 3799; baseline -0.002 -18"><span class='ocrx_word' id='word_1_472' title='bbox 2270 3724 2400 3781; x_wconf 87' lang='lat' dir='ltr'>ma</span> <span class='ocrx_word' id='word_1_473' title='bbox 2450 3696 2688 3776; x_wconf 83' lang='lat' dir='ltr'>forma</span> <span class='ocrx_word' id='word_1_474' title='bbox 2738 3698 3065 3799; x_wconf 84' lang='lat' dir='ltr'>corporis</span> <span class='ocrx_word' id='word_1_475' title='bbox 3102 3756 3121 3776; x_wconf 90' lang='lat'><strong>.</strong></span> <span class='ocrx_word' id='word_1_476' title='bbox 3773 3710 3788 3725; x_wconf 86' lang='grc'><em>“</em></span> <span class='ocrx_word' id='word_1_477' title='bbox 3870 3696 3912 3715; x_wconf 69' lang='grc'>’“</span> 
     </span>
     <span class='ocr_line' id='line_1_81' title="bbox 2382 3798 3826 3884; baseline 0.004 -8"><span class='ocrx_word' id='word_1_478' title='bbox 2382 3804 2450 3876; x_wconf 89' lang='grc'>8.</span> <span class='ocrx_word' id='word_1_479' title='bbox 2505 3798 2770 3877; x_wconf 87' lang='lat' dir='ltr'>Adhuc</span> <span class='ocrx_word' id='word_1_480' title='bbox 2794 3854 2815 3875; x_wconf 89' lang='lat'><strong>.</strong></span> <span class='ocrx_word' id='word_1_481' title='bbox 2868 3799 3228 3880; x_wconf 84' lang='lat' dir='ltr'>Similiter</span> <span class='ocrx_word' id='word_1_482' title='bbox 3278 3800 3351 3881; x_wconf 84' lang='lat' dir='ltr'>se</span> <span class='ocrx_word' id='word_1_483' title='bbox 3405 3801 3631 3884; x_wconf 87' lang='lat' dir='ltr'>habet</span> <span class='ocrx_word' id='word_1_484' title='bbox 3664 3813 3826 3882; x_wconf 85' lang='lat' dir='ltr'>tota</span> 
     </span>
     <span class='ocr_line' id='line_1_82' title="bbox 2274 3899 3829 4005; baseline 0 -25"><span class='ocrx_word' id='word_1_485' title='bbox 2274 3900 2527 3980; x_wconf 73' lang='lat' dir='ltr'>anima</span> <span class='ocrx_word' id='word_1_486' title='bbox 2580 3899 2914 3979; x_wconf 84' lang='lat' dir='ltr'>senfitiva</span> <span class='ocrx_word' id='word_1_487' title='bbox 2967 3903 3058 3980; x_wconf 92' lang='lat' dir='ltr'>ad</span> <span class='ocrx_word' id='word_1_488' title='bbox 3136 3917 3381 3982; x_wconf 85' lang='lat' dir='ltr'>totum</span> <span class='ocrx_word' id='word_1_489' title='bbox 3433 3929 3694 4005; x_wconf 88' lang='lat' dir='ltr'>corpus</span> <span class='ocrx_word' id='word_1_490' title='bbox 3745 3903 3829 3980; x_wconf 86' lang='lat' dir='ltr'>fi·</span> 
     </span>
     <span class='ocr_line' id='line_1_83' title="bbox 2272 4003 3826 4103; baseline -0.003 -19"><span class='ocrx_word' id='word_1_491' title='bbox 2272 4023 2402 4084; x_wconf 89' lang='lat' dir='ltr'>cut</span> <span class='ocrx_word' id='word_1_492' title='bbox 2452 4025 2614 4102; x_wconf 85' lang='lat' dir='ltr'>pars</span> <span class='ocrx_word' id='word_1_493' title='bbox 2665 4003 2757 4081; x_wconf 90' lang='lat' dir='ltr'>ad</span> <span class='ocrx_word' id='word_1_494' title='bbox 2806 4018 3091 4103; x_wconf 84' lang='lat' dir='ltr'>partem</span> <span class='ocrx_word' id='word_1_495' title='bbox 3111 4060 3130 4081; x_wconf 90' lang='lat'><strong>.</strong></span> <span class='ocrx_word' id='word_1_496' title='bbox 3200 4008 3370 4085; x_wconf 87' lang='lat' dir='ltr'>Pars</span> <span class='ocrx_word' id='word_1_497' title='bbox 3421 4023 3673 4086; x_wconf 87' lang='lat' dir='ltr'>autem</span> <span class='ocrx_word' id='word_1_498' title='bbox 3720 4005 3826 4082; x_wconf 86' lang='lat' dir='ltr'>ita</span> 
     </span>
     <span class='ocr_line' id='line_1_84' title="bbox 2277 4105 3829 4206; baseline -0.002 -22"><span class='ocrx_word' id='word_1_499' title='bbox 2277 4105 2353 4184; x_wconf 81' lang='lat' dir='ltr'>se</span> <span class='ocrx_word' id='word_1_500' title='bbox 2403 4107 2626 4183; x_wconf 77' lang='lat' dir='ltr'>habet</span> <span class='ocrx_word' id='word_1_501' title='bbox 2677 4105 2772 4184; x_wconf 89' lang='lat' dir='ltr'>ad</span> <span class='ocrx_word' id='word_1_502' title='bbox 2821 4124 3108 4204; x_wconf 85' lang='lat' dir='ltr'>partem</span> <span class='ocrx_word' id='word_1_503' title='bbox 3158 4109 3359 4206; x_wconf 89' lang='lat' dir='ltr'>quod</span> <span class='ocrx_word' id='word_1_504' title='bbox 3407 4106 3508 4185; x_wconf 89' lang='lat' dir='ltr'>est</span> <span class='ocrx_word' id='word_1_505' title='bbox 3560 4105 3829 4202; x_wconf 82' lang='lat' dir='ltr'>forma,</span> 
     </span>
     <span class='ocr_line' id='line_1_85' title="bbox 2275 4202 3831 4304; baseline 0 -20"><span class='ocrx_word' id='word_1_506' title='bbox 2275 4205 2354 4284; x_wconf 87' lang='grc'><strong>8(</strong></span> <span class='ocrx_word' id='word_1_507' title='bbox 2405 4202 2608 4285; x_wconf 59' lang='lat' dir='ltr'>acius</span> <span class='ocrx_word' id='word_1_508' title='bbox 2660 4204 2851 4303; x_wconf 85' lang='lat' dir='ltr'>ejus:</span> <span class='ocrx_word' id='word_1_509' title='bbox 2907 4207 3102 4286; x_wconf 86' lang='lat' dir='ltr'>visus</span> <span class='ocrx_word' id='word_1_510' title='bbox 3154 4209 3358 4287; x_wconf 82' lang='lat' dir='ltr'>enirn</span> <span class='ocrx_word' id='word_1_511' title='bbox 3411 4205 3511 4286; x_wconf 84' lang='lat' dir='ltr'>est</span> <span class='ocrx_word' id='word_1_512' title='bbox 3562 4204 3831 4304; x_wconf 79' lang='lat' dir='ltr'>forma,</span> 
     </span>
     <span class='ocr_line' id='line_1_86' title="bbox 2278 4304 3832 4410; baseline 0.003 -23"><span class='ocrx_word' id='word_1_513' title='bbox 2278 4306 2356 4387; x_wconf 87' lang='grc'>8(</span> <span class='ocrx_word' id='word_1_514' title='bbox 2403 4304 2610 4387; x_wconf 66' lang='lat' dir='ltr'>aestus</span> <span class='ocrx_word' id='word_1_515' title='bbox 2652 4307 2908 4386; x_wconf 85' lang='lat' dir='ltr'>oculi.</span> <span class='ocrx_word' id='word_1_516' title='bbox 2979 4312 3189 4410; x_wconf 84' lang='lat' dir='ltr'>Ergo</span> <span class='ocrx_word' id='word_1_517' title='bbox 3237 4310 3489 4390; x_wconf 89' lang='lat' dir='ltr'>anima</span> <span class='ocrx_word' id='word_1_518' title='bbox 3535 4307 3637 4388; x_wconf 89' lang='lat' dir='ltr'>est</span> <span class='ocrx_word' id='word_1_519' title='bbox 3687 4306 3832 4391; x_wconf 79' lang='lat' dir='ltr'>for-</span> 
     </span>
     <span class='ocr_line' id='line_1_87' title="bbox 2278 4407 3243 4511; baseline 0 -23"><span class='ocrx_word' id='word_1_520' title='bbox 2278 4435 2453 4506; x_wconf 84' lang='lat' dir='ltr'>ma,</span> <span class='ocrx_word' id='word_1_521' title='bbox 2503 4409 2576 4487; x_wconf 91' lang='grc'><strong>8(</strong></span> <span class='ocrx_word' id='word_1_522' title='bbox 2627 4407 2830 4488; x_wconf 62' lang='lat' dir='ltr'>acius</span> <span class='ocrx_word' id='word_1_523' title='bbox 2879 4411 3243 4511; x_wconf 87' lang='lat' dir='ltr'>corporis.</span> 
     </span>
     <span class='ocr_line' id='line_1_88' title="bbox 2311 4508 3576 4578; baseline 0.003 -8"><span class='ocrx_word' id='word_1_524' title='bbox 2311 4518 2316 4519; x_wconf 68' lang='grc'><em>’</em></span> <span class='ocrx_word' id='word_1_525' title='bbox 2524 4508 2584 4571; x_wconf 84' lang='lat' dir='ltr'>C</span> <span class='ocrx_word' id='word_1_526' title='bbox 2665 4512 2725 4572; x_wconf 87' lang='lat' dir='ltr'>A</span> <span class='ocrx_word' id='word_1_527' title='bbox 2813 4509 2860 4570; x_wconf 88' lang='lat' dir='ltr'>P</span> <span class='ocrx_word' id='word_1_528' title='bbox 2947 4514 3003 4575; x_wconf 85' lang='lat' dir='ltr'>U</span> <span class='ocrx_word' id='word_1_529' title='bbox 3092 4511 3155 4574; x_wconf 82' lang='lat' dir='ltr'>T</span> <span class='ocrx_word' id='word_1_530' title='bbox 3315 4512 3576 4578; x_wconf 83' lang='lat' dir='ltr'>LV111.</span> 
     </span>
     <span class='ocr_line' id='line_1_89' title="bbox 2282 4588 3828 4676; baseline 0.001 -25"><span class='ocrx_word' id='word_1_531' title='bbox 2282 4588 2460 4676; x_wconf 63' lang='lat' dir='ltr'>Quod</span> <span class='ocrx_word' id='word_1_532' title='bbox 2496 4592 2784 4650; x_wconf 75' lang='lat' dir='ltr'>nutritiva</span> <span class='ocrx_word' id='word_1_533' title='bbox 2798 4632 2817 4663; x_wconf 90' lang='lat'>,</span> <span class='ocrx_word' id='word_1_534' title='bbox 2850 4590 3134 4670; x_wconf 70' lang='lat' dir='ltr'>finfin&#39;va</span> <span class='ocrx_word' id='word_1_535' title='bbox 3151 4638 3176 4669; x_wconf 87' lang='lat'>,</span> <span class='ocrx_word' id='word_1_536' title='bbox 3218 4590 3300 4656; x_wconf 75' lang='lat'>&lt;9-</span> <span class='ocrx_word' id='word_1_537' title='bbox 3339 4592 3696 4656; x_wconf 66' lang='lat' dir='ltr'>inteltefliva</span> <span class='ocrx_word' id='word_1_538' title='bbox 3719 4608 3828 4668; x_wconf 65' lang='lat' dir='ltr'>m</span> 
     </span>
    </p>
   </div>
   <div class='ocr_carea' id='block_1_12' title="bbox 2524 4670 3589 4749">
    <p class='ocr_par' dir='ltr' id='par_1_17' title="bbox 2524 4670 3589 4749">
     <span class='ocr_line' id='line_1_90' title="bbox 2524 4670 3589 4749; baseline 0.004 -18"><span class='ocrx_word' id='word_1_539' title='bbox 2524 4691 2631 4731; x_wconf 74' lang='lat' dir='ltr'>non</span> <span class='ocrx_word' id='word_1_540' title='bbox 2663 4670 2803 4749; x_wconf 81' lang='lat' dir='ltr'>sune</span> <span class='ocrx_word' id='word_1_541' title='bbox 2843 4674 2905 4732; x_wconf 73' lang='lat' dir='ltr'>in</span> <span class='ocrx_word' id='word_1_542' title='bbox 2947 4671 3170 4735; x_wconf 79' lang='lat' dir='ltr'>homine</span> <span class='ocrx_word' id='word_1_543' title='bbox 3202 4694 3314 4737; x_wconf 79' lang='lat' dir='ltr'>tres</span> <span class='ocrx_word' id='word_1_544' title='bbox 3352 4678 3589 4737; x_wconf 72' lang='lat' dir='ltr'>anima.</span> 
     </span>
    </p>
   </div>
   <div class='ocr_carea' id='block_1_13' title="bbox 2563 4792 3574 4876">
    <p class='ocr_par' dir='ltr' id='par_1_18' title="bbox 2563 4792 3574 4876">
     <span class='ocr_line' id='line_1_91' title="bbox 2563 4792 3574 4876; baseline 0.012 -24"><span class='ocrx_word' id='word_1_545' title='bbox 2563 4793 2621 4852; x_wconf 83' lang='lat'>1.</span> <span class='ocrx_word' id='word_1_546' title='bbox 2665 4792 2827 4854; x_wconf 75' lang='lat' dir='ltr'>Pan.</span> <span class='ocrx_word' id='word_1_547' title='bbox 2871 4792 3056 4876; x_wconf 57' lang='grc' dir='ltr'>ρπβ.</span> <span class='ocrx_word' id='word_1_548' title='bbox 3105 4793 3312 4859; x_wconf 73' lang='lat' dir='ltr'>lxxvi.</span> <span class='ocrx_word' id='word_1_549' title='bbox 3353 4818 3467 4863; x_wconf 76' lang='lat' dir='ltr'>art.</span> <span class='ocrx_word' id='word_1_550' title='bbox 3513 4815 3574 4875; x_wconf 78' lang='grc'>3-</span> 
     </span>
    </p>
   </div>
   <div class='ocr_carea' id='block_1_14' title="bbox 2281 4908 3834 5219">
    <p class='ocr_par' dir='ltr' id='par_1_19' title="bbox 2281 4908 3834 5219">
     <span class='ocr_line' id='line_1_92' title="bbox 2281 4908 3830 5105; baseline 0.001 -113"><span class='ocrx_word' id='word_1_551' title='bbox 2281 4908 2434 5105; x_wconf 86' lang='lat' dir='ltr'>P</span> <span class='ocrx_word' id='word_1_552' title='bbox 2456 4911 2665 4992; x_wconf 77' lang='lat' dir='ltr'>Otest</span> <span class='ocrx_word' id='word_1_553' title='bbox 2713 4930 2963 4998; x_wconf 88' lang='lat' dir='ltr'>autem</span> <span class='ocrx_word' id='word_1_554' title='bbox 3013 4916 3374 5036; x_wconf 37' lang='lat' dir='ltr'>pra-diffls</span> <span class='ocrx_word' id='word_1_555' title='bbox 3393 4914 3830 5029; x_wconf 73' lang='lat' dir='ltr'>rationibus,</span> 
     </span>
     <span class='ocr_line' id='line_1_93' title="bbox 2481 5013 3834 5219; baseline 0.003 -119"><span class='ocrx_word' id='word_1_556' title='bbox 2481 5013 2886 5105; x_wconf 80' lang='lat' dir='ltr'>secundum</span> <span class='ocrx_word' id='word_1_557' title='bbox 2963 5044 3397 5123; x_wconf 75' lang='lat' dir='ltr'>opmmnem</span> <span class='ocrx_word' id='word_1_558' title='bbox 3491 5019 3834 5219; x_wconf 53' lang='lat' dir='ltr'>⁴1&#39;lato(1‚1i¹s⁸¹</span> 
     </span>
    </p>
   </div>
  </div>
 </body>
</html>
