4597 5696
725 419 822 488 80'

727 547 1015 624 tionem
1066 534 1165 613 est
1215 531 1424 611 causa
1472 554 1717 607 rerum
1746 578 1774 623 .›,
1823 529 1895 605 8<
1950 527 2282 606 mensura

727 644 1047 744 ipsarum
1067 692 1094 731 ‚
1143 652 1228 715 ut
1255 628 1446 710 infra
1480 630 1506 726 (
1532 635 1624 709 Il.
1653 630 1816 707 Lib.
1839 653 1995 727 cap.
2012 650 2110 706 xx
2123 655 2234 707 ιν.
2259 628 2286 725 )

729 744 1182 824 ostendetur3
1232 750 1307 812 et
1359 732 1453 809 fic
1503 730 1654 826 eius
1702 730 2035 826 cognitio
2058 753 2284 826 quam

726 848 839 925 de
873 845 1086 920 rebus
1137 834 1299 914 aliis
1352 834 1572 910 habet
1603 884 1630 925 ‚
1680 829 1780 907 est
1834 832 1925 908 ad
1973 832 2284 908 modum

731 945 1066 1049 'practicae
1118 934 1563 1036 cognitionis
1594 989 1613 1008 .
1653 934 1988 1011 -Practica
2038 948 2287 1009 autem

732 1044 1069 1144 cognitio
1103 1061 1254 1117 non
1293 1035 1393 1113 est
1413 1032 1754 1134 perfecta,
1783 1033 1915 1110 nisi
1937 1033 2029 1108 ad
2061 1031 2288 1129 singu·

725 1148 913 1226 laria
939 1139 1440 1243 perveniatur:
1463 1159 1637 1211 nam
1678 1135 1991 1233 practica
2042 1149 2288 1211 autem

731 1242 1180 1345 cognitionis
1234 1236 1416 1314 finis·
1451 1233 1550 1311 est
1600 1235 1974 1333 operatio,
2001 1259 2156 1331 quae
2211 1232 2290 1309 in

585 1353 597 1367 '
729 1341 1207 1445 singularibus
1231 1336 1351 1412 est.
1375 1332 1653 1411 Divina
1705 1334 1928 1431 igitur
1957 1332 2288 1432 cognitio

731 1440 972 1545 quam
1010 1442 1098 1518 de
1153 1436 1317 1513 aliis
1366 1436 1578 1511 rebus
1631 1434 1895 1529 habet,
1946 1433 2014 1509 se
2065 1433 2287 1532 usque

731 1547 829 1623 ad
878 1537 1268 1641 singularia
1317 1534 1639 1611 extendit
1688 1590 1709 1608 .
1899 1570 1902 1573 >

839 1671 911 1742 7.
968 1638 1265 1720 Adhuc.
1323 1636 1656 1712 Primum
1710 1633 1985 1713 mobile
2038 1652 2286 1712 move-

731 1756 856 1825 tur
907 1769 949 1819 a
971 1755 1255 1818 motore
1277 1746 1624 1813 movente
1664 1758 1790 1833 per
1808 1734 2288 1824 intellectum,

730 1861 813 1924 et
862 1840 1318 1945 appetitum,
1387 1854 1469 1914 ut
1522 1836 1728 1934 supra
1776 1834 2140 1915 ostensum
2187 1831 2286 1909 est

731 1946 766 2043 (
816 1970 970 2045 cap.
1021 1940 1220 2019 xl1v.
1270 1936 1296 2033 )
1348 1941 1532 2017 Non
1583 1953 1828 2013 autem
1885 1938 2111 2036 poss'et
2161 1933 2288 2012 ali-

732 2046 899 2146 quis
990 2059 1233 2119 motor
1300 2061 1427 2134 per
1493 2036 1957 2115 intellectum
2003 2035 2289 2113 causare

733 2160 1029 2226 motum
1057 2194 1084 2233 .,
1137 2135 1281 2214 nisi
1331 2136 1798 2231 cognosceret
1850 2136 2125 2212 mobile
2180 2136 2286 2209 in-

736 2257 1095 2342 quantum
1151 2249 1403 2312 natum
1457 2233 1555 2309 est
1591 2234 1874 2309 moveri
1899 2231 2307 2321 secundum,

739 2342 1033 2435 locum,
1085 2337 1229 2413 hoc
1280 2334 1378 2414 est
1433 2332 1873 2430 inquantum
1927 2332 2024 2410 est
2070 2333 2188 2409 hic
2219 2347 2292 2411 et

736 2435 982 2533 nunc,
1055 2457 1130 2515 et
1179 2457 1307 2535 per
1355 2433 1801 2532 consequens
1853 2432 2290 2531 inquantum

737 2540 860 2621 est*
891 2538 1295 2640 singulare.
1327 2564 1330 2567 ·
1368 2534 1789 2612 Intellectus
1861 2534 2119 2634 igitur
2161 2532 2290 2631 qui

735 2642 838 2722 est
891 2658 1137 2718 motor
1187 2635 1327 2713 vel
1396 2635 1603 2715 causa
1658 2634 1877 2732 primi
2010 2634 2228 2712 obilis
2264 2687 2289 2728 ‚

735 2740 1114 2841 cognoscit
1164 2737 1487 2837 primum
1538 2735 1814 2812 mobile
1852 2735 1877 2810 i
1981 2737 2289 2812 uantum

2340 1467 2545 1517 ’non
2600 1437 2826 1538 potest
2894 1439 2976 1516 in
3030 1438 3169 1515 hoc

1295 416 1432 482 DE
1486 406 2074 482 vtum-Are
2132 406 3217 489 cATHochAE·r=1r>1-:1

2383 551 2603 625 runt,
2653 533 2852 632 quod
2903 532 3319 613 assimilatio
3370 532 3450 611 in
3499 532 3931 633 cognitione

2388 635 2718 713 humana„
2756 634 2864 725 fit„
2892 660 3017 733 per
3068 636 3434 714 actionem
3483 660 3724 714 rerum
3778 634 3930 730 sen-

2386 734 2716 814 sibilium
2768 735 2849 810 in
2888 736 3080 813 vires
3114 736 3646 834 cognoscitivas
3680 736 3935 813 huma·

2388 861 2566 928 nasg
2620 837 2698 912 in
2752 836 3177 934 cognitione
3229 854 3474 914 autem
3544 836 3687 915 Dei
3738 835 3836 911 est
3889 861 3933 913 e

2389 937 2742 1029 converso
2792 962 2917 1033 per
2968 937 3340 1015 actionem
3418 934 3666 1014 formae
3718 935 3941 1014 intel-

2389 1036 2617 1117 lectus
2670 1037 2905 1115 divini
2927 1038 3033 1125 ,in
3087 1063 3265 1116 resc
3367 1036 3554 1116 nitas
3590 1093 3607 1112 .
3663 1040 3935 1115 Forma

2390 1139 2616 1237 igitur
2666 1139 2768 1214 rei
2792 1136 3192 1257 sensibiliS,
3241 1062 3527 1259 effluit
3577 1160 3706 1236 per
3734 1136 3936 1214 suam

2394 1237 2980 1328 materialitatem
3032 1238 3481 1335 individuata
3522 1290 3550 1332 ,
3602 1236 3737 1313 suae
3788 1235 3936 1315 sin-

2389 1339 2794 1439 gularitatis
2882 1337 3447 1437 similitudinem
3544 1338 3939 1436 producere

3283 1438 3425 1514 uod
3475 1436 3570 1515 sit
3622 1436 3943 1517 omnino

2388 1539 2886 1618 immaterialis
2922 1560 2967 1632 ‚‘
3039 1539 3157 1616 sed
3256 1538 3461 1615 olum
3536 1560 3762 1635 usque
3845 1538 3938 1614 ad

2383 1642 2576 1719 vires
2591 1665 2748 1745 quae
2776 1638 3068 1737 organis
3104 1638 3597 1716 materialibus
3613 1653 3934 1715 utuntur.

2394 1744 2511 1820 Ad
2552 1740 3004 1818 intellectum
3057 1757 3304 1817 autem
3339 1738 3749 1838 perducitur
3807 1761 3938 1837 per

2388 1841 2738 1919 virtutem
2757 1839 3164 1919 intellectus
3182 1840 3488 1937 agentis,
3506 1840 3938 1938 inquantum

2388 1944 2697 2022 omnino
2745 1968 2788 2018 a
2821 1942 3361 2019 conditionibus
3382 1939 3703 2018 materiae
3740 1939 3940 2015 exui-

2392 2063 2574 2130 tur3
2651 2059 2725 2118 et
2800 2040 2891 2118 sic
2947 2040 3343 2118 similitudo
3421 2038 3933 2136 singularitatis

2391 2142 2640 2218 formae
2694 2139 3040 2216 sensibilis
3091 2164 3243 2215 non
3277 2138 3502 2236 potest
3555 2137 3935 2234 pervenite

2391 2240 2608 2336 usque
2660 2239 2750 2314 ad
2804 2235 3256 2314 intellectum
3309 2238 3711 2313 humanum
3758 2291 3777 2309 .
3830 2236 3959 2311 Si-.

2393 2338 2735 2415 militudo
2785 2353 3031 2415 autem
3084 2336 3333 2414 formae
3373 2336 3780 2413 intellectus
3832 2333 3936 2411 di·

2391 2436 2551 2516 vini
2603 2462 2777 2515 cum
2845 2435 3207 2536 pertingat
3275 2437 3496 2535 usque
3547 2437 3639 2511 ad
3687 2457 3933 2511 rerum

2394 2536 2863 2630 minima‚ad
2915 2562 3072 2635 quae
3126 2536 3476 2637 pertingit
3529 2535 3648 2612 sua
3697 2532 3937 2612 causa·

2390 2639 2560 2716 litas
2600 2691 2627 2729 ‚
2697 2637 3029 2737 pervenit
3079 2636 3299 2752 usque
3349 2637 3442 2713 ad
3491 2633 3935 2733 singularita-

2390 2756 2542 2816 tem
2595 2737 2843 2821 formae
2896 2737 3245 2816 sensibilis
3278 2789 3303 2830 ‚
3371 2752 3447 2814 et
3484 2734 3929 2812 materialis.

734 2842 837 2946 est
869 2838 1291 2938 singulare:
1344 2837 1474 2937 qui
1526 2836 1823 2935 quidem
1873 2846 2120 2932 motor
2167 2830 2353 2913 'vel-*t
2374 2838 2810 2930 xIntellectus
2875 2835 3099 2938 igitur
3168 2836 3461 2916 divinus
3534 2832 3762 2934 potest
3792 2842 3934 2914 ‘c'o-

735 2942 1035 3043 ponitur
1092 2941 1327 3030 Deus,
1379 2954 1451 3012 et
1500 2938 1605 3015 sic
1660 2937 1965 3013 habetur
2031 2960 2284 3033 propo-

733 3043 1013 3130 situm3
1085 3035 1206 3112 vel
1278 3036 1562 3132 aliquid
1645 3037 1842 3133 quod
1919 3031 2018 3110 est
2096 3033 2284 3112 infra

735 3134 1287 3232 Deum„cuius
1344 3135 1748 3213 intellectus
1789 3136 1860 3211 si.
1885 3151 2117 3232 potest
2166 3157 2282 3212 co-

740 3238 1083 3341 gnoscere
1135 3236 1502 3334 singulare
1557 3234 1676 3311 sua
1730 3231 2038 3328 vi‘rtute,
2063 3271 2064 3274 ¹
2091 3237 2284 3332 quod

738 3339 1150 3422 intellectus
1201 3336 1436 3414 noster
1489 3361 1639 3412 non
1693 3351 1927 3432 potest
1970 3388 1996 3426 ‚
2048 3333 2286 3414 multo

739 3440 976 3539 magis
1028 3439 1165 3516 hoc
1215 3436 1482 3538 poterit
1534 3435 1941 3513 intellectus
1998 3435 2178 3511 Dei.

846 3547 910 3617 8.
975 3544 1158 3616 Item
1195 3594 1214 3612 .
1290 3543 1540 3634 Agens
1626 3535 2136 3613 honorabilius
2188 3533 2285 3611 est

735 3641 1102 3742 patiente,
1154 3655 1229 3715 et
1278 3656 1483 3725 acto,
1535 3636 1722 3712 sicut
1772 3654 1969 3711 actus
2038 3654 2285 3731 poten-

740 3742 879 3818 tia.
935 3742 1206 3814 Forma
1258 3736 1482 3832 igitur
1550 3761 1703 3833 quae
1771 3736 1870 3810 est
1923 3731 2285 3810 inferioris

742 3841 1043 3938 gradus,
1094 3861 1246 3910 non
1302 3834 1526 3931 potest
1579 3835 1861 3931 agendo
1895 3834 2284 3930 producere

739 3940 942 4018 suam
994 3932 1555 4013 similitudinem
1608 3935 1686 4010 in
1722 3934 2022 4032 gradum
2075 3931 2282 4010 altio-

738 4059 941 4130 rem3
993 4036 1109 4113 sed
1161 4027 1394 4111 forma
1448 4034 1766 4132 superior
1815 4031 2070 4131 ¹potest
2125 4057 2281 4132 pro-

738 4141 997 4215 ducere
1066 4137 1351 4234 agendo
1422 4133 1624 4210 suam
1717 4132 2278 4211 similitudinem

737 4239 818 4316 in
872 4240 1172 4335 gradum
1226 4233 1712 4328 inferioremz,
1761 4233 1948 4312 sicut
1999 4258 2087 4311 ex
2139 4234 2284 4311 vir-'

737 4338 1014 4416 tutibus
1038 4335 1704 4433 incorruptibilibus
1737 4333 2098 4411 stellarum
2122 4357 2279 4432 pro-

737 4440 1092 4517 ducuntur
1145 4434 1389 4512 sormae
1443 4435 1947 4535 corruptibiles
1999 4434 2080 4510 in
2134 4432 2280 4510 istis

736 4537 1200 4628 inferioribus
1253 4591 1271 4609 .
1329 4534 1586 4625 Virtus
1634 4552 1878 4613 autem
1926 4532 2274 4630 corrupti-

734 4639 904 4717 bilis
977 4663 1125 4713 non
1198 4631 1426 4733 potest
1494 4636 1883 4734 producere
1963 4632 2276 4712 formam

733 4733 1403 4836 incorruptibilem:
1460 4734 1790 4828 cognitio
1839 4752 2084 4810 autem
2119 4757 2270 4809 om-

737 4840 853 4918 nis
904 4837 988 4916 fit
1041 4857 1168 4936 per
1215 4832 1805 4911 wassimilationem
1841 4832 2269 4930 cognoscen-

735 4941 869 5037 tis,
921 4956 996 5018 et
1045 4934 1368 5039 cogniti:
1423 4934 1505 5012 in
1555 4931 1696 5015 hoc
1748 4949 1993 5014 tamen
2071 4931 2271 5012 diffe-

2386 2941 2728 3217 ghoffizre
2781 2938 3161 3038 singularia
3191 2992 3219 3033 ‚
3286 2963 3439 3014 non
3502 2954 3748 3014 autem
3801 2934 3932 3015 hu-

2386 3064 2558 3117 man
2609 3067 2642 3118 s
2667 3096 2684 3114 .

2491 3166 2557 3240 9.
2667 3154 2956 3217 raeterea
2991 3197 3009 3217 .
3082 3141 3511 3238 Sequeretur
3582 3136 3937 3214 inconve·.

2384 3238 2636 3334 niens,
2686 3241 2883 3336 quod
2935 3240 3354 3339 Philosopus
3398 3242 3453 3315 Ι.
3506 3238 3595 3315 de
3649 3236 3929 3315 Anima
4016 3277 4021 3283 ·

2374 3357 2558 3417 text.
2610 3362 2799 3417 com.
2854 3339 3040 3417 lxxx.
3092 3358 3344 3419 contra
3403 3336 3926 3436 Empedoclem

2387 3438 2666 3517 inducit
2707 3493 2731 3533 ‚
2785 3440 3057 3518 scilicet
3106 3445 3353 3519 Deum
3407 3439 3545 3512 ess'e
3597 3435 3929 3532 insipien-

2388 3539 2740 3616 tissimum
2792 3594 2819 3633 ‚
2894 3542 2938 3617 s1
2997 3538 3405 3636 singularia·
3445 3555 3596 3610 non
3658 3535 3927 3629 cogno-

2390 3639 2562 3729 scit,
2612 3664 2770 3735 quae
2824 3641 3045 3715 etiam
3076 3637 3409 3716 homines
3457 3631 3922 3730 cognoscunt.

2493 3738 2670 3813 Haec
2720 3756 2962 3813 autem
3034 3738 3334 3834 probata
3381 3731 3644 3808 veritas
3693 3730 3924 3810 etiam

2386 3835 2763 3933 Scriptura:
2819 3836 3020 3916 sacrae
3062 3835 3486 3912 auctoritate
3538 3831 3921 3910 confirma-

2385 3951 2538 4012 tur:
2590 3935 2853 4014 dicitur
2888 3935 3104 4013 ‘enim
3145 3936 3369 4014 Hebr.
3415 3960 3520 4010 1v.
3586 3959 3694 4033 13.
3748 3941 3919 4010 Non

2384 4032 2487 4129 cst
2540 4033 2695 4110 ulla
2766 4059 3098 4120 creatura
3176 4033 3574 4131 invisthilis
3628 4034 3708 4110 in
3761 4055 3927 4120 conf

2360 4132 2621 4237 spee‘lu
2673 4132 2830 4237 ejus
2865 4194 2885 4214 .
2972 4141 3192 4215 Error
3242 4136 3464 4213 etiam
3517 4131 3918 4216 contrarius

2380 4233 2806 4315 excluditur.
2836 4235 3061 4315 Eccli.
3096 4265 3264 4316 xvi.
3312 4242 3422 4313 16.
3475 4245 3641 4311 Non
3693 4233 3911 4311 dicas:

2390 4346 2467 4413 A
2531 4346 2691 4415 Deo
2783 4336 3220 4432 abscondar:
3289 4339 3385 4414 (9*
3458 4366 3544 4416 ex

2358 4435 2542 4533 'quis
2596 4432 2742 4514 mei
2791 4439 3370 4518 memorabitur?
3926 4521 3929 4526 ¹

2381 4634 2397 4649 θ
2481 4539 2687 4649 Patet
2739 4540 2962 4636 etiam
3000 4563 3104 4617 ex
3146 4538 3395 4633 dictis,
3448 4537 3760 4639 qualiter
3789 4536 3915 4612 ob·

2382 4654 2601 4732 jectio
2653 4638 2731 4714 in
2780 4641 3228 4718 contrarium
3281 4637 3470 4718 facta
3519 4664 3668 4716 non
3720 4653 3913 4712 recte
3966 4660 3970 4665 ·

2373 4735 2742 4815 concludit
2771 4796 2789 4814 .
2869 4742 3070 4817 Nam
3141 4742 3219 4818 id
3287 4765 3434 4837 quo
3505 4736 3923 4817 intellectus-

2374 4835 2661 4914 divinus
2730 4838 3077 4940 intelligit
3126 4895 3152 4937 ‚
3220 4841 3342 4918 etsi
3431 4837 3915 4917 immateriale

2374 4934 2460 5018 stt
2490 4989 2515 5033 ,
2567 4936 2665 5016 est
2734 4957 2981 5020 tamen
3048 4958 3123 5019 et
3189 4940 3507 5021 materiae
3545 4994 3573 5037 ‚
3648 4954 3723 5014 et
3774 4931 3921 5042 for:

3387 5060 3391 5064 ’
3772 5052 3915 5114 111ae

3590 4443 3599 4450 ‚⁷
3621 4332 3923 4432 summo
