4597 5696
1286 358 2741 506 ο(ιοὺίΐιίιί’(ῖἘΝἰἻιιεε
2824 392 3075 461 ιιι.
3135 397 3192 458 1.

780 547 850 599 2.
935 520 1127 600 Item
1164 575 1184 598 .
1278 517 1620 620 cognitis
1691 515 2074 619 principiis
2139 541 2234 596 ex

675 620 944 721 quibus·
1007 619 1473 702 constituitur
1552 619 1851 697 essentia
1901 617 2060 714 rei,
2109 643 2232 696 ne-

674 724 857 801 cesse
927 720 1028 798 est
1094 746 1254 800 rem
1323 721 1532 800 illam
1597 719 1994 823 cognosci,
2044 717 2228 799 ficut

671 822 971 921 cognita
1021 822 1267 900 anima
1319 818 1661 904 rationali
1689 876 1717 917 .‚
1782 821 1856 898 8(
1926 843 2228 919 corpore

673 923 852 1016 tali,
922 924 1385 1020 cognoscitm·
1452 921 1683 1003 horno
1731 977 1755 998 .
1824 919 2230 1019 Singularis

669 1040 917 1100 autem
970 1020 1268 1103 essentia
1287 1022 1762 1104 constituitur
1793 1048 1884 1100 ex
1919 1023 2228 1100 materia

667 1122 1080 1222 designata,
1124 1118 1204 1204 B<
1257 1125 1492 1204 forma
1542 1122 2002 1203 individuata
2038 1177 2067 1218 ‚
2143 1123 2224 1200 fi-

666 1239 795 1301 cut
848 1224 1160 1307 Socratis
1210 1225 1506 1304 essentia
1555 1248 1647 1303 ex
1699 1226 1839 1305 hoc
1888 1247 2224 1324 corpore,

665 1324 741 1400 &
795 1321 929 1403 hac
982 1326 1227 1406 anima
1252 1379 1280 1421 ‚
1331 1343 1416 1407 ut
1465 1324 1698 1405 etiam
1749 1325 2047 1403 essentia
2097 1324 2222 1403 ho-

661 1423 890 1503 minis
937 1426 1368 1507 universalis
1420 1452 1510 1506 ex
1563 1428 1810 1504 anima
1844 1478 1872 1521 ‚
1945 1426 2018 1504 8<
2069 1450 2222 1503 cor-

666 1549 888 1624 pore,
937 1543 1022 1605 ut
1063 1544 1273 1625 patet
1325 1529 1404 1605 in
1428 1531 1609 1606 vn.
1637 1524 1973 1625 Metaph.
1999 1524 2222 1621 (text.

665 1650 938 1703 comm.
990 1653 1254 1706 xxxiv.
1311 1627 1338 1724 )
1403 1630 1597 1706 unde
1667 1625 1844 1704 ficut
1910 1625 2060 1707 haec
2111 1652 2221 1703 ca-

664 1726 845 1802 dunt
899 1727 979 1802 in
1028 1728 1473 1806 diffinitione
1529 1726 1853 1805 hominis
1932 1725 2217 1803 univer·

667 1825 870 1919 salis,
923 1827 1027 1904 ita
1080 1826 1210 1904 illa
1254 1829 1594 1905 caderent
1646 1828 1725 1903 in
1777 1823 2218 1904 diffinitione

665 1926 1026 2020 Socratis,
1082 1925 1130 2003 fi
1183 1929 1413 2026 posset
1460 1925 1763 2004 diffiniri
1802 1983 1822 2002 .
1875 1924 2218 2004 Cuicum-

717 2047 809 2102 ue
882 2026 1109 2124 igitur
1173 2027 1369 2103 adest
1434 2025 1768 2125 cognitio
1819 2026 2138 2102 materiae
2190 2077 2217 2121 ,

786 2147 1044 2202 eorum
1093 2149 1224 2224 per
1271 2150 1430 2223 quae
1458 2127 1764 2203 materia
1782 2123 2217 2221 designatur,

657 2221 737 2300 St
789 2222 1039 2302 sormae
1096 2226 1175 2300 in
1227 2223 1548 2302 materia'
1577 2220 2044 2302 individuatae
2063 2278 2090 2318 ‚
2141 2223 2212 2299 ei

662 2347 815 2400 non
867 2323 1098 2423 potest
1147 2322 1378 2401 deeffe
1426 2325 1761 2420 cognitio
1822 2321 2216 2427 singularis·

663 2424 805 2501 Sed
835 2424 980 2501 Dei
1029 2424 1368 2538 cognitio
1411 2425 1638 2525 usque
1689 2425 1778 2502 ad
1803 2422 2215 2518 materiam,

665 2522 742 2601 8<
792 2522 1195 2602 accidentia
1216 2524 1750 2604 individuantia
1765 2579 1793 2620 ‚
1841 2523 1915 2601 8<
1948 2521 2217 2601 formas

662 2623 1068 2722 pertingit:
1118 2642 1291 2701 cum
1341 2625 1543 2702 enim
1597 2624 1805 2702 suum
1857 2623 2215 2738 intellige-

660 2746 742 2799 re
791 2724 879 2800 fit
938 2724 1058 2800 sua
1110 2726 1405 2803 essentia
1439 2777 1466 2818 ,
1517 2740 1808 2822 oportet
1856 2716 2055 2823 quod
2105 2748 2214 2800 m-

664 2821 952 2920 telligat
1001 2824 1254 2902 omnia
1305 2851 1462 2922 quae
1537 2824 1701 2903 sunt
1751 2846 2211 2924 quocumque

662 2924 891 3000 modo
941 2923 1021 3000 in
1044 2922 1195 3018 ejus
1246 2924 1586 3020 efl‘entia,
1637 2925 1717 3002 in
1753 2922 2210 3025 quaquidem

660 3021 935 3100 virtute
1012 3022 1174 3101 sunt
1248 3023 1422 3103 ficut
1509 3026 1587 3102 in
1638 3027 1875 3124 prima
1925 3025 2210 3123 origine

661 3121 916 3200 omnia
986 3147 1146 3221 quae
1209 3126 1364 3199 else
1433 3149 1900 3224 quocumque
1945 3127 2209 3204 'modo

660 3219 978 3316 habent,
1025 3246 1201 3299 cum
1252 3223 1338 3300 fit
1390 3224 1708 3321 primum
1732 3279 1759 3320 ,
1809 3226 1879 3301 8<
1921 3226 2206 3302 univer-

659 3319 803 3398 sale
854 3320 1296 3420 principium
1336 3324 1642 3417 essendi,
1694 3350 1737 3400 a
1772 3323 2032 3421 quibus
2059 3348 2206 3400 ma-

657 3422 843 3499 teria
890 3473 917 3516 ,
965 3421 1039 3497 8<
1092 3423 1426 3524 accidens
1475 3423 1840 3500 non·sunt
1893 3422 2128 3498 aliena
2167 3443 2205 3515 *3

660 3544 834 3599 cum
886 3522 1210 3598 materia'
1242 3522 1328 3601 fit
1377 3547 1504 3600 ens
1575 3523 1655 3599 in
1706 3523 2084 3621 potentia,
2135 3538 2212 3601 et

661 3622 995 3700 accidens
1045 3621 1133 3700 fit
1183 3647 1310 3701 ens
1360 3623 1441 3699 in
1490 3621 1642 3700 alio
1690 3678 1710 3699 .
1766 3627 1931 3700 Deo
1984 3622 2208 3723 igitur

664 3721 1001 3822 cognitio
1054 3720 1525 3820 singularium
1577 3748 1728 3800 non
1778 3722 2005 3800 deest.
2123 3817 2128 3822 ἡ

637 3855 640 3856 ’
765 3848 833 3923 3.
890 3822 1229 3920 Amplius
1255 3879 1275 3900 .
1346 3825 1636 3901 Natura
1753 3822 1987 3902 eneris
2054 3847 2209 3901 non

651 3919 894 4023 potest
939 3922 1281 4019 cognosci
1346 3922 1480 3999 nin
1558 3922 1675 4021 eju
1783 3923 2207 4002 differentiae

710 4023 955 4114 rimae,
1022 4039 1099 4097 et
1147 4022 1315 4120 paff
1323 4047 1499 4100 ones
1565 4022 1868 4123 propriae
1937 4048 2204 4121 cogno-

687 4137 944 4196 cantur
978 4111 1026 4195 τ’
1048 4144 1202 4197 non
1347 4121 1455 4199 im
1522 4120 1837 4222 perfecie
1913 4121 2207 4202 sciretur

659 4235 916 4296 natura
965 4219 1294 4315 numeri,
1331 4220 1378 4296 fi
1421 4245 1591 4320 par,
1642 4223 1970 4324 etimpar
1995 4223 2200 4320 igno·

664 4333 947 4393 rentur.
1000 4318 1138 4395 Sed
1200 4320 1601 4405 universale
1631 4375 1656 4416 ‚
1724 4340 1798 4399 et
1848 4321 2201 4420 fingulare

657 4416 823 4494 sunt
869 4415 1332 4531 differentiae,
1384 4423 1502 4498 vel
1555 4447 1685 4523 per
1734 4423 1804 4499 se
1855 4422 2204 4521 pastiones

663 4517 890 4594 entis.
943 4517 1021 4596 Si
1072 4516 1300 4616 igitur
1352 4525 1553 4600 Deus
1577 4523 2077 4624 cognoscendo
2104 4523 2204 4599 es-

663 4615 969 4698 sentiam
1021 4616 1265 4714 luam,
1315 4619 1632 4718 perfecie
1664 4620 2037 4721 cognoscit
2086 4648 2207 4701 na-

660 4733 904 4794 turam
931 4740 1404 4795 communem
1425 4720 1614 4798 entis
1629 4773 1656 4820 ‚
1706 4740 1994 4822 oportet
2011 4725 2209 4823 quod

660 4814 980 4914 perfecie
1029 4819 1416 4916 cognoscat
1449 4820 1864 4906 universale
1885 4875 1911 4913 ‚
1963 4838 2038 4899 et
2077 4823 2206 4900 fin-

630 4914 953 5040 gularef
1005 4918 1207 5002 Sicut
1254 4935 1506 5006 autem
1550 4944 1704 5002 non
1751 4917 2068 5025 perfecie
2086 4949 2207 5025 cof

3798 405 3885 482 79

2332 513 2711 615 gnosceret
2762 508 3167 590 universale
3197 561 3224 604 ‚
3267 504 3356 622 ‚fi
3426 512 3901 611 cognosceret

2331 615 2824 698 intentionem
2895 606 3460 691 universalitatis
3501 666 3528 706 ‚
3599 634 3675 693 et
3747 642 3902 699 non

2330 717 2802 815 cognosceret
2851 739 3010 792 rem
3061 712 3597 808 universalem,
3650 734 3733 794 ut
3771 718 3905 798 ho-

2330 819 2615 896 minem
2633 869 2661 911 ‚
2711 835 2837 895 aut
2876 814 3193 907 animal3
3244 814 3350 892 ita
3397 839 3553 893 non
3573 815 3897 914 perfeffle

2330 917 2799 1016 cognosceret
2850 915 3204 1014 singulare
3225 968 3251 1009 ‚
3319 914 3371 992 fi
3421 917 3895 1016 cognosceret

2330 1018 2695 1111 rationem
2744 1016 3258 1116 singularitatis
3298 1070 3326 1111 ‚
3399 1032 3476 1096 et
3551 1044 3704 1098 non
3768 1048 3893 1111 co,

2326 1118 2702 1221 gnosceret
2751 1119 2892 1197 hoc
2942 1118 3065 1195 vel
3117 1117 3302 1197 illud
3332 1116 3686 1217 singulare
3705 1175 3723 1198 .
3781 1126 3891 1201 0·-

2324 1237 2565 1323 portet
2616 1221 2840 1320 igitur
2889 1221 3087 1318 quod
3140 1222 3341 1298 Deus
3411 1244 3523 1299 nes
3573 1219 3886 1322 singulas

2323 1344 2437 1402 res
2487 1321 2882 1422 cognoscat
2930 1376 2949 1397 .
4018 1347 4032 1361 ·

2425 1451 2498 1520 4
2558 1422 2819 1503 Adhuc
2863 1477 2883 1496 .
2948 1419 3162 1501 Sicut
3234 1420 3588 1503 Deus-est
3638 1422 3883 1522 ipsum

2327 1522 2532 1602 suum
2584 1525 2764 1619 esse,
2819 1521 2923 1599 ita
2971 1520 3072 1599 est
3123 1522 3332 1601 suum
3381 1523 3818 1621 cognoscere
3848 1575 3885 1619 ‚

2324 1640 2409 1701 ut
2455 1623 2819 1702 ostensum
2871 1620 2974 1699 est
3022 1622 3054 1718 (
3105 1646 3261 1718 cap.
3312 1622 3460 1700 xlv.
3515 1624 3545 1719 )
3594 1610 3738 1705 Sed
3764 1647 3881 1704 *ex

2323 1724 2466 1803 hoc
2569 1726 2714 1802 uod
2736 1722 2837 1800 est
2867 1725 3074 1799 suum
3126 1722 3315 1814 effe,
3365 1724 3877 1822 oportetquod

2321 1822 2402 1899 in
2454 1749 2612 1923 ip&
2678 1822 3142 1899 inveniantur
3186 1846 3448 1899 omnes
3498 1821 3881 1920 perfeetio-

2318 1947 2446 2001 nes
2472 1923 2736 2000 essendi
2789 1921 2965 2001 ficut
3012 1923 3094 2000 in
3144 1921 3384 2020 prima
3433 1923 3699 2003 essendi
3733 1925 3880 2004 ori·

2318 2023 3495 2221 }ffss’pssss'tffissssffssssssffffisssss'
3513 2021 3876 2221 ἒέἔέἶέἓῗ
3971 2144 3977 2151 -

2419 2179 2436 2196 ·
3366 2172 3385 2218 ι

2302 2245 2436 2310 ne
2464 2221 2878 2298 inveniatur
2900 2270 2903 2273 >
2927 2220 3169 2298 omnis
3218 2221 3666 2320 cognitionis
3842 2267 3877 2301 η

2319 2318 2545 2400 festio
2595 2320 2772 2399 ficut
2822 2320 2904 2397 in
2954 2322 3199 2420 primo
3217 2321 3663 2420 cognitionis
3791 2342 3873 2404 na

2316 2437 2434 2501 te.
2490 2423 2660 2501 Hoc
2709 2436 2956 2500 autem
3006 2447 3159 2499 non
3208 2423 3439 2516 esset,
3504 2421 3557 2499 fi
3610 2424 3681 2504 ci
3734 2423 3872 2505 fin·

2318 2523 2681 2621 gularium
2733 2521 2999 2600 notitia
3024 2522 3287 2599 deesset
3305 2574 3331 2612 ‚
3381 2544 3553 2597 cum
3604 2524 3686 2599 in
3724 2524 3869 2605 hoc

2316 2622 2730 2720 aliquorum
2837 2621 3430 2718 cognoscentium
3516 2620 3871 2718 perfectio

2313 2720 2687 2799 consistat.
2763 2719 3212 2820 Impoffibile
3260 2718 3363 2798 est
3412 2718 3640 2818 igitur
3684 2746 3867 2807 eum

2317 2820 2788 2921 singularium
2840 2820 3184 2900 notitiam
3236 2846 3386 2900 non
3436 2819 3742 2901 habere.
3840 2881 3863 2909 ,.

2424 2947 2485 3019 ς.
2540 2927 2886 3001 Praeterea
2918 2980 2937 2998 .
3016 2927 3105 2999 In
3181 2922 3525 3000 omnibus
3573 2922 3867 3004 virtuti·

2314 3023 2446 3101 bus
2517 3023 2864 3101 ordinatis
2932 3023 3427 3100 communiter
3485 3021 3865 3106 invenitur

2307 3126 2503 3222 quod
2554 3123 2783 3201 virtus
2839 3122 3153 3221 superior
3203 3124 3294 3200 ad
3346 3123 3567 3221 plura,
3620 3123 3692 3201 se
3743 3149 3864 3205 ex·

2309 3224 2585 3314 tendit,
2652 3242 2725 3300 et
2783 3216 3043 3300 ‘tamen
3114 3221 3211 3299 est
3263 3223 3476 3301 unica
3514 3275 3542 3317 ‚
3625 3224 3862 3307 virtus

2307 3346 2490 3398 vero
2538 3321 2839 3400 inferior
2891 3323 2960 3399 se
2983 3323 3307 3401 extendit
3358 3324 3449 3400 ad
3490 3323 3862 3425 pauciora,

2308 3436 2382 3498 et
2434 3439 2680 3497 tamen
2731 3422 3257 3521 multiplicatur
3326 3424 3648 3522 respectu
3699 3424 3866 3503 illo·

2311 3544 2526 3614 rum,
2579 3520 2755 3599 ficut
2806 3540 3005 3619 patet
3056 3522 3732 3622 inimaginatione‚
3782 3539 3863 3604 et

2309 3621 2551 3698 sensu:
2606 3636 2779 3697 nam
2829 3646 2973 3699 una
3023 3623 3137 3701 vis
3186 3622 3734 3723 imaginationis
3782 3626 3862 3710 se

2310 3721 2637 3799 extendit
2709 3724 2798 3801 ad
2866 3722 3118 3801 omnia
3168 3748 3326 3822 εμπ
3377 3725 3702 3824 quinque
3751 3727 3864 3806 vi-

2310 3846 2422 3900 res
2478 3822 2806 3901 sensuum
2854 3824 3344 3921 cognoscunt,
3395 3844 3471 3903 et
3516 3827 3858 3926 adplura.

2306 3924 2449 4003 Sed
2499 3922 2614 4000 vis
2664 3923 3159 4022 cognoscitiva
3228 3923 3306 4002 in
3381 3930 3548 4029 Deo
3599 3927 3698 4005 est
3749 3929 3864 4006 su·

2305 4023 2546 4122 perior
2613 4047 2836 4122 quam
2905 4022 2986 4099 in
3054 4023 3354 4101 homine
3383 4083 3403 4102 .
3472 4028 3857 4126 Quicquid

2307 4145 2485 4221 ergo
2537 4121 2766 4200 homo
2790 4143 2800 4159 ··
2815 4122 3124 4201 diversis·
3154 4124 3433 4203 viribus
3453 4129 3858 4228 cognoscit,

2303 4220 2723 4316 intellectu,
2774 4222 3304 4322 imaginatione
3343 4278 3370 4319 ,
3444 4245 3519 4306 et
3570 4230 3772 4308 sensu
3822 4257 3854 4326 ς

2300 4321 2441 4401 hoc
2496 4327 2695 4422 Deus
2746 4347 2897 4400 uno
2948 4324 3074 4401 suo
3140 4340 3214 4402 ct
3281 4324 3589 4427 simplici
3640 4328 3855 4409 intel·

2307 4423 2499 4502 lectu
2523 4422 2952 4501 considerat:
2989 4423 3088 4500 est
3117 4424 3342 4523 igitur
3381 4428 3851 4530 singularium
3898 4469 3903 4472 ·

2309 4522 2893 4624 cognoscitivus‚
2965 4550 3121 4624 quae
3198 4553 3332 4606 nos
3410 4530 3619 4611 sensu
3665 4586 3696 4630 ,
3773 4546 3855 4613 et

2308 4623 2836 4724 imaginatione
2887 4628 3488 4724 apprehendimus
3522 4688 3542 4708 .

2412 4729 2481 4801 6.
2537 4723 2915 4822 Amplius.
2970 4727 3286 4807 Divinus
3324 4731 3735 4814 intellectus
3757 4753 3853 4814 ex

2307 4825 2519 4901 rebus
2566 4825 3074 4925 cognitionem
3125 4854 3274 4908 non
3322 4831 3543 4910 sun&
3593 4885 3621 4926 ‚
3669 4833 3851 4912 sicut

2303 4923 2544 5008 noster
2591 4978 2623 5029 ,
2677 4926 2809 5010 sed
2870 4927 3107 5028 magis
3172 4953 3303 5031 per
3349 4930 3551 5020 suam
3599 4932 3854 5045 cogni.

3703 5049 3859 5114 >110-
3911 5114 3921 5123 .
