4597 5696
773 459 906 515 :40
1392 433 1540 495 DE
1604 430 2193 496 VERITATE
2251 425 2985 497 CATHOLICAE
3030 431 3370 498 mul-:1-

781 547 869 627 in
922 541 1388 622 alteratione.
1449 542 1617 621 Hoc
1668 560 1916 621 autem
1959 541 2353 620 secundum
2456 541 2703 622 dicens
2753 542 2784 641 (
2839 546 3028 624 Gen.
3095 576 3155 626 1.
3209 548 3238 647 )
3288 555 3380 622 In
3423 540 3792 648 principio
3830 573 4022 628 crea-

775 645 1145 744 contingit
1199 642 1630 744 dupliciter.
1688 647 1869 725 Uno
1923 646 2149 722 modo
2176 643 2353 741 quia
2456 644 2586 723 vit
2640 655 2845 726 Deus
2896 648 3194 744 caelum,
3262 649 3359 728 <9⁴
3435 669 3710 728 terram
3753 680 3768 724 ε
3826 652 4029 751 quod

773 749 931 850 ipsa
984 744 1262 839 forma,
1317 772 1477 846 quae
1532 746 1627 825 est
1684 746 2040 825 terminus
2084 763 2356 842 motus,
2457 747 2763 846 quidem
2851 751 3301 853 principium
3384 749 3688 830 Basilius
3760 754 4030 852 princi-

777 849 879 929 est
935 847 1322 931 divisibilis
1378 848 1775 929 secundum
1831 846 2354 944 intensionem,
2458 851 2670 949 pium
2724 854 3076 952 temporis
3127 854 3483 955 exponit:
3506 856 3702 953 quod
3740 867 4034 954 oportet

774 972 855 1032 et
905 951 1447 1047 remissionem3
1500 952 1678 1040 licut
1731 968 1930 1052 patet
1981 977 2156 1030 cum
2231 950 2361 1031 ali·
2464 952 2605 1029 effe
2659 953 3154 1053 indivisibile,
3207 972 3295 1036 ut
3350 955 3428 1034 in
3486 956 3625 1031 VI.
3665 955 4028 1058 Phyficor.

776 1057 961 1159 quid
1049 1073 1388 1134 movetur
1464 1049 1555 1139 ad
1639 1054 2058 1133 albedinem
2091 1111 2111 1130 .
2172 1052 2358 1133 Alio
2461 1055 2811 1155 probatur
2841 1073 3013 1141 text.
3032 1076 3435 1139 comment.
3457 1081 3676 1136 xxrv.
3695 1076 3771 1138 et
3807 1056 4019 1139 infra.

779 1160 1010 1236 modo
1060 1159 1234 1274 quia
1288 1153 1768 1237 talis‘divisio
1845 1156 2219 1255 contingit
2266 1155 2352 1234 in
2867 1169 2870 1174 ’

779 1259 1376 1360 dispofitionibus
1428 1261 1520 1337 ad
1572 1261 1798 1338 talem
1853 1257 2219 1351 formam,
2271 1255 2351 1334 fi-

779 1380 905 1441 cut
959 1361 1116 1439 fieri
1173 1361 1366 1461 ignis
1422 1361 1888 1439 succeffivum
1920 1360 2017 1438 est
2055 1379 2349 1459 propter

772 1463 1293 1542 alterationem
1367 1465 1899 1562 praecedentem
1971 1462 2162 1541 circa
2242 1463 2346 1541 di-

775 1563 1199 1664 spositiones
1252 1566 1343 1643 ad
1395 1562 1752 1643 formam.
1796 1564 2040 1665 Ipsum
2093 1582 2342 1644 autem
2949 1545 3134 1628 quaest.
3199 1569 3259 1612 v.
3307 1564 3417 1606 art.
3462 1565 3522 1620 9.

772 1668 918 1746 esse
972 1666 1429 1745 substantiale
1481 1684 1821 1746 creatura:
1875 1692 2028 1746 non
2086 1665 2186 1743 est
2236 1666 2344 1744 di·
2445 1665 2680 1854 EX
2734 1665 2878 1747 hoc
2943 1685 3193 1749 autem
3260 1682 3558 1769 apparet
3626 1666 4009 1745 evidenter

765 1767 1057 1847 visibile
1130 1769 1357 1848 modo
1430 1769 1775 1868 praedicto
1830 1796 1847 1842 t
1923 1768 2099 1871 quia
2186 1767 2344 1846 sub·
2657 1770 2852 1870 quod
2908 1770 3196 1849 nullum
3247 1796 3506 1870 corpus
3589 1766 3822 1868 potest
3873 1767 4015 1845 ali·

767 1867 1033 1951 stantia
1090 1896 1244 1950 non
1297 1870 1589 1972 suscipit
1641 1872 1878 1971 magis
1910 1879 2002 1949 ‘et
2053 1869 2343 1962 minus3
2444 1871 2622 1970 quid
2675 1897 2802 1970 per
2834 1874 3137 1953 modurn
3174 1870 3563 1951 creationis
3587 1871 4005 1970 producere.

768 1997 914 2052 nec
967 1974 1048 2052 in
1118 1973 1494 2053 creatione
1572 1976 1983 2074 praecedunt
2053 1970 2341 2072 disposi-
2554 2000 2614 2049 1.
2669 1973 2992 2052 Nullum
3044 1974 3249 2053 enim
3301 1998 3561 2073 corpus
3612 1972 3816 2072 agit,
3872 1969 4011 2050 nisi

765 2074 1011 2154 tiones
1058 2131 1083 2167 ‚
1157 2076 1466 2153 materia
1541 2102 1693 2153 non
1769 2073 2259 2174 praeexistente
2313 2129 2340 2168 ‚
2444 2092 2827 2153 moveatur
2855 2130 2879 2170 ‚
2932 2102 3025 2154 eo
3074 2077 3273 2175 quod
3325 2090 3660 2174 oporteat
3736 2097 4018 2172 agens,

767 2198 948 2252 narn
1001 2174 1372 2271 dispositio
1427 2201 1514 2251 ex
1569 2193 1771 2273 parte
1825 2175 2145 2255 materiae
2200 2174 2336 2252 est.
2442 2189 2517 2249 et
2638 2175 2869 2253 atiens
2937 2178 3076 2251 effe
3154 2176 3360 2253 fimul
3400 2228 3427 2267 ‚
3499 2174 3619 2251 vel
3696 2172 4017 2269 faciens,

763 2274 1253 2373 Relinquitur
1306 2275 1533 2371 igitur
1586 2277 1783 2373 quod
1840 2275 1915 2351 in
1969 2272 2337 2352 creatione
2422 2290 2515 2351 et
2599 2291 2842 2351 actum
2881 2330 2897 2347 .
2975 2275 3212 2352 Simul
3286 2292 3533 2353 autem
3612 2273 3775 2350 sunt
3850 2298 4015 2371 quae

757 2398 919 2455 non
972 2374 1200 2475 potest
1253 2376 1394 2453 effe
1443 2375 1690 2474 aliqua
1743 2374 2156 2455 succeffio„
2452 2372 2534 2451 in
2587 2376 2848 2451 eodem
2900 2374 3069 2454 loco
3123 2375 3284 2455 sunt
3318 2428 3347 2470 ,
3420 2390 3501 2452 ut
3571 2373 3877 2452 habetur
3928 2375 4016 2452 in

773 2522 781 2538 ·
870 2481 1222 2559 Praeterea
1262 2533 1284 2554 .
1358 2476 1717 2557 Succesiio
1788 2476 1870 2553 in
1940 2499 2187 2553 rerum
2240 2471 2350 2552 fa.
2456 2478 2550 2551 V.
2606 2473 2966 2579 Physicor.
3039 2474 3066 2572 (
3129 2492 3304 2553 text.
3383 2499 3657 2553 comm.
3708 2498 3846 2552 xx1
3871 2503 3927 2551 1.
3984 2474 4017 2571 )

767 2579 1143 2660 ctionibus
1166 2635 1195 2676 ,
1248 2604 1338 2658 ex
1413 2576 1700 2657 defectu
1774 2577 2100 2656 materiae
2184 2602 2348 2677 pro·
2452 2575 2700 2655 locum
2752 2595 2998 2655 autern
3056 2602 3208 2660 non
3259 2575 3577 2676 acquirit
3619 2599 3878 2677 corpus
3912 2574 4022 2655 ni·

766 2681 983 2761 venit
1025 2737 1053 2778 ‚
1120 2708 1279 2783 quae
1356 2705 1510 2759 non
1610 2679 2054 2759 sufficienter
2131 2677 2229 2756 est
2302 2704 2346 2757 a
2449 2677 2500 2754 fi
2558 2703 2685 2779 per
2736 2695 3067 2769 motum,
3127 2677 3416 2755 nullum
3466 2694 3713 2755 autem
3751 2701 4017 2777 corpus

761 2783 1140 2885 principio
1190 2786 1281 2863 ad
1332 2782 1831 2885 receptionem
1908 2780 2163 2863 fortnae
2236 2780 2344 2859 di·
2445 2796 2791 2860 movetur
2844 2778 2976 2857 nisi
3031 2780 3111 2857 in
3183 2796 3514 2878 tempore
3553 2837 3574 2856 .
3630 2776 4018 2879 Quicquid

767 2885 1027 2984 sposita
1080 2915 1099 2964 ε
1170 2888 1361 2963 unde
1433 2887 1727 2984 quando
1804 2885 2109 2962 materia
2192 2880 2343 2981 jam
2444 2882 2673 2981 igitur
2724 2881 2809 2963 fit
2861 2906 2990 2982 per
3042 2882 3418 2961 actionem
3470 2880 3794 2981 corporis
3825 2933 3853 2970 ‚
3920 2877 4010 2958 fit

2791 1210 2848 1272 C
2933 1212 2994 1273 A
3083 1211 3131 1273 P
3222 1213 3280 1274 U
3367 1212 3429 1272 T
3553 1210 3699 1274 XX.

2675 1341 2853 1429 Quod
2892 1343 3113 1406 mallum
3132 1346 3136 1350 ’
3154 1362 3344 1427 corpus
3373 1341 3543 1425 potest
3582 1365 3764 1404 creare
3784 1382 3804 1403 .

2590 1467 2646 1528 Ι.
2689 1466 2852 1526 Part.
2895 1464 3077 1547 quest.
3126 1466 3251 1531 xlv.
3291 1482 3402 1529 art.
3439 1482 3492 1541 ς.
3526 1461 3605 1527 &¹
3636 1463 3709 1526 de
3749 1485 3875 1531 ver.

767 2982 1092 3085 perfecte
1160 2986 1505 3085 disposita
1577 2986 1674 3064 est
1769 2988 1862 3065 ad
1943 2983 2259 3064 formam
2314 3038 2342 3079 ‚

769 3111 941 3165 eam
994 3086 1393 3185 recipit.in
1462 3086 1752 3165 instanti
1792 3113 1811 3161 t
1887 3102 1966 3164 et
2020 3086 2187 3163 inde
2239 3084 2340 3165 est

771 3186 973 3290 quod
1022 3186 1199 3289 quia
1250 3188 1702 3289 diaphanum
1752 3187 2031 3286 semper
2104 3184 2202 3264 est
2258 3185 2341 3264 in

769 3288 1039 3371 ultima
1091 3288 1553 3391 dispositione
1606 3290 1699 3369 ad
1749 3289 2039 3385 lucem,
2094 3286 2339 3366 statim

762 3392 865 3470 ad
910 3391 1369 3491 praesentiam
1425 3391 1653 3471 lucidi
1708 3389 1786 3468 in
1840 3389 2010 3468 αξὶιι
2064 3386 2337 3466 illumi-

764 3509 984 3597 natur
1038 3524 1071 3592 ,·
1147 3492 1305 3575 nec!
1354 3494 1621 3593 aliquis
1704 3509 1947 3587 motus
2000 3489 2339 3589 praecedit

708 3686 717 3693 ,
765 3618 861 3675 ex
908 3610 1119 3696 *parte
1172 3594 1728 3687 illuminabilis,
1784 3595 1899 3671 sed
1919 3592 2153 3685 solum
2174 3616 2328 3669 mo-

765 3708 886 3777 tus
935 3695 1188 3779 localis
1241 3721 1331 3775 ex
1384 3693 2146 3797 parteilluminantis,
2198 3716 2327 3792 per

764 3819 995 3894 quem
1048 3796 1134 3875 fit
1185 3794 1490 3895 praesens
1540 3855 1560 3873 .
1634 3800 1721 3874 In
1787 3795 2158 3874 creatione
2210 3819 2333 3872 au·

764 3911 927 3979 tem
982 3897 1170 3975 nihil
1224 3899 1685 3998 praeexigitur
1749 3921 1839 3974 ex
1910 3911 2114 3995 parte
2181 3919 2333 3971 ma,

765 3997 972 4077 teriae
1029 4054 1058 4095 ,
1130 4024 1266 4078 nec
1336 3999 1617 4098 aliquid
1685 3996 1875 4076 deest
1944 3994 2193 4096 agenti
2246 3996 2338 4075 ad

765 4102 1135 4216 agendum
1160 4156 1185 4195 ‚
1271 4104 1468 4202 quod
1539 4100 1783 4202 postea
1869 4123 1997 4200 per
2049 4113 2341 4176 motum

703 4282 725 4301 ,
762 4226 840 4286 ,ει
897 4205 1287 4298 adveniat,
1339 4229 1513 4283 cum
1588 4201 1674 4280 sit
1747 4199 2201 4296 immobilis,
2254 4214 2338 4278 ut

742 4299 851 4385 'in
941 4306 1185 4400 primo
1257 4304 1472 4403 hujus
1540 4304 1781 4404 operis
1834 4304 1861 4401 (
1939 4303 2106 4380 Lib.
2178 4325 2336 4399 cap.

744 4425 992 4481 saun.
1064 4404 1095 4499 )
1164 4404 1530 4484 ostensum
1607 4404 1703 4483 est
1743 4462 1761 4482 .
1863 4401 2338 4499 Relinquitur

756 4498 998 4601 -igitur
1048 4508 1246 4609 quod
1311 4507 1591 4587 creatio
1663 4506 1746 4586 sit
1829 4506 1910 4583 in
1963 4501 2257 4581 instanti
2314 4530 2333 4583 ε

768 4604 964 4681 unde
1034 4603 1247 4683 simul
1364 4608 1642 4710 aliquid
1727 4610 1904 4687 dum
1988 4620 2273 4683 creatur
2307 4660 2335 4701 ‚

754 4720 1093 4783 creatum
1149 4705 1292 4800 est,
1348 4706 1526 4795 ficut
1577 4708 1787 4788 simul
1841 4707 2333 4805 illuminatur,

720 4810 723 4813 ‘
762 4821 846 4883 et
897 4803 1399 4887 illuminatum
1451 4808 1591 4885 est.
1648 4813 1751 4887 Et
1803 4811 1972 4893 inde
1991 4809 2089 4888 est
2133 4810 2333 4908 quod

765 4906 1138 5023 §criptura
1218 4910 1470 4989 divina
1545 4909 1996 4988 creationem
2082 4935 2331 4989 rerum

763 5032 855 5097 m
934 5009 1374 5099 ,indivisibili
1465 5010 1737 5099 factam
1820 5013 2253 5133 pronuntiat
2302 5066 2333 5116 ,

2447 2983 2828 3067 successive
2877 3039 2897 3058 .
2951 2981 3253 3062 Creatio
3302 2998 3594 3076 autem,
3647 3000 3730 3062 ut
3781 2980 4013 3060 osten-

2444 3085 2602 3164 sum
2655 3082 2752 3162 est
2805 3083 2832 3181 (
2883 3109 3039 3184 cap.
3093 3111 3260 3164 x1x.
3316 3084 3531 3180 )non
3585 3083 3808 3161 habet
3857 3083 4009 3164 suc·

2404 3184 2832 3264 tceffionem
2887 3241 2908 3262 .
2963 3184 3186 3263 Nihil
3239 3185 3467 3284 igitur
3519 3183 3748 3282 potest
3777 3209 3821 3261 a
3853 3208 4011 3262 cor-

2441 3310 2618 3395 pore
2669 3312 3137 3389 quocumque
3189 3312 3320 3390 per
3372 3288 3677 3367 modum
3703 3284 4008 3367 creatio·

2436 3388 2552 3467 nis
2603 3389 2904 3490 produci
2959 3447 2977 3467 .

2557 3518 2625 3566 2.
2682 3494 3027 3571 Praeterea
3077 3547 3097 3568 .
3170 3495 3424 3570 Omne
3515 3517 3737 3593 agens
3812 3489 4012 3590 quod

2443 3589 2602 3689 agit
2658 3592 3094 3692 inquantum
3148 3613 3491 3670 movetur
3552 3646 3579 3685 ‚
3630 3593 3720 3669 de
3773 3587 4010 3667 neces·

2427 3690 2631 3772 sitate
2682 3711 2937 3772 movet
2987 3693 3169 3769 illud
3220 3692 3308 3767 in
3351 3693 3548 3790 quod
3616 3690 3771 3788 agit
3816 3714 3832 3763 :
3891 3685 3993 3765 fa-

2431 3809 2635 3872 cturn
2688 3794 2893 3870 enim
2932 3846 2959 3885 ‚
3030 3806 3104 3869 et
3179 3791 3458 3887 passum
3525 3788 3994 3889 consequitur

2434 3892 2993 3995 dispositionem
3046 3888 3422 3986 facientis,
3500 3910 3576 3970 et
3641 3890 3924 3989 agentis
3974 3941 4007 3986 ‚

2443 4019 2535 4073 eo
2584 3995 2781 4093 quod
2830 4016 3052 4070 omne
3106 4015 3330 4090 agens
3398 3993 3555 4094 agit
3623 3991 3756 4070 fibi
3812 3991 4009 4069 simi-

2442 4094 2513 4173 le
2557 4122 2575 4171 :
2629 4094 2821 4171 unde
2873 4092 2924 4171 si
2977 4116 3200 4192 agens
3251 4119 3405 4171 non
3455 4096 3537 4173 in
3588 4094 3845 4173 eadem
3896 4092 4004 4171 di-

2435 4195 2818 4296 spositione
2869 4194 2938 4276 se
2990 4195 3264 4273 habens
3303 4196 3501 4296 agit,
3555 4196 4003 4295 inquantum

2438 4322 2568 4399 per
2648 4313 2940 4377 motum
3019 4297 3342 4376 variatur
3364 4351 3391 4392 ‚
3463 4318 3753 4398 oportet
3804 4295 4004 4397 quod

2439 4398 2667 4476 etiam
2720 4399 2802 4476 in
2854 4397 3173 4500 patiente
3195 4454 3221 4493 ‚
3270 4415 3347 4476 et
3398 4396 3594 4478 facto
3670 4401 4004 4500 quaedam

2437 4498 2824 4580 renovatio
2873 4498 3427 4600 dispositionum
3479 4501 3608 4579 fiat
3629 4555 3654 4594 ,
3704 4501 3902 4601 quod
3924 4498 4004 4575 si·

2437 4626 2532 4693 ne
2583 4620 2794 4681 motu
2845 4603 2987 4680 esse
3036 4628 3188 4682 non
3229 4601 3469 4701 potest
3498 4658 3517 4679 .
3572 4605 3827 4681 Omne
3880 4626 4012 4679 au-

2437 4723 2599 4784 tem
2648 4728 2910 4805 corpus
2962 4729 3115 4782 non
3165 4722 3422 4783 movet
3471 4702 3603 4781 nisi
3657 4718 4001 4792 motum,

2433 4825 2515 4887 ut
2570 4808 2960 4907 probatum
3013 4805 3112 4885 est
3162 4805 3192 4903 (
3246 4805 3410 4885 Lib.
3439 4808 3497 4883 1.
3533 4830 3690 4906 cap.
3725 4829 3816 4884 xt
3839 4799 4003 4895 11.)

2431 4907 2658 4989 Nihil
2726 4909 2952 5009 igitur
3037 4906 3124 4985 fit
3205 4932 3251 4984 a
3333 4906 3655 5005 corporis
3706 4903 4000 4985 afflone

2431 5009 2570 5106 nisi
2620 5035 2751 5115 per
2800 5025 3093 5095 motum
3110 5062 3141 5112 ,
3187 5007 3312 5091 vel
3365 5008 3856 5095 mutationem
3851 5000 4009 5185 eff
