4597 5696
1357 433 2370 510 nxssERTATxo
2493 432 3057 504 PRAEVIA
3381 434 3392 441 “
3733 455 3818 507 xz

631 562 936 659 Libm·
983 592 1235 654 eontra
1284 564 1614 647 Gentiles
1663 591 1681 642 t
1734 561 2149 662 Logotheta
2201 615 2230 657 ,
2309 569 2499 660 Opus
2562 581 2818 639 contra
2886 557 3221 640 Gentiles
3274 586 3294 635 t
3371 561 3836 645 Guillelmus

628 681 720 760 de
771 682 1030 760 Tocco
1077 732 1098 754 .
1153 671 1456 754 Librum
1509 666 1634 767 qui
1688 664 2124 763 intitulatur
2173 684 2427 742 contra
2479 661 2820 742 Gentiles*
2861 718 2880 739 .
2957 665 3044 740 In
3102 661 3269 744 ΜΠ.
3327 665 3639 745 demum
3691 671 3842 746 Co-

627 781 915 862 dicibus
963 776 1244 858 difium
1296 773 1652 871 legimus,
1706 766 2013 847 Librum
2065 765 2157 844 de
2181 763 2511 843 Veritate
2542 761 2739 857 fidei
2790 786 3042 844 contra
3093 788 3362 846 errores
3397 765 3845 864 infidelium.

733 881 1151 964 Secundum
1204 876 1371 954 libri
1434 871 1659 971 primi
1744 888 1966 969 caput
2037 864 2467 967 diligentius
2542 866 2963 966 expendens
3035 890 3179 965 ego
3226 923 3256 965 ,
3362 866 3857 951 intentionem

636 981 982 1069 Αυξὶοτίε
1030 981 1104 1058 8<
1172 974 1606 1079 ‘ropofitum
1683 973 2038 1071 adsequor
2088 997 2113 1062 3
2220 967 2924 1070 inscribendumque
3004 970 3419 1069 putaverim
3492 976 3706 1075 Opus
3757 971 3856 1053 de

641 1085 972 1169 Ver-itare
1022 1004 1240 1161 Filii
1291 1077 1675 1158 Catholicae
1709 1130 1728 1152 .
1782 1078 2118 1159 Textum
2172 1068 2543 1167 integrum
2598 1070 2996 1171 Aquinatis
3045 1066 3272 1151 affero
3291 1124 3317 1169 ,
3370 1084 3509 1152 Pro
3561 1074 3852 1177 ofitum,

644 1184 1051 1288 inquientis
1100 1239 1127 1279 ,
1176 1179 1426 1285 nostrae
1479 1174 1913 1258 intentionis
1960 1172 2064 1273 ⁶st
2111 1231 2139 1271 ,
2189 1171 2554 1253 veritates
2600 1228 2627 1269 ,
2697 1197 2917 1273 quam
2987 1171 3208 1253 Fides
3263 1092 3637 1254 catholica
3677 1196 3847 1277 pto·

627 1289 906 1390 fitetur
954 1340 980 1395 ,
1018 1304 1154 1404 pro
1206 1280 1436 1389 nostro
1487 1279 1775 1359 modulo
1826 1274 2296 1383 manifestare
2325 1326 2364 1373 5
2403 1302 2671 1355 errores
2719 1274 3168 1355 eliminando
3221 1276 3652 1357 contrarios.
3705 1278 3859 1358 Ge·

650 1391 995 1473 nex-atim
1021 1386 1187 1468 istos
1240 1387 1318 1465 in
1368 1383 1571 1463 calce
1622 1380 1907 1481 Capitis
1960 1396 2348 1458 enumerat
2376 1430 2403 1471 ‚
2459 1376 3175 1482 Macomett'starum,
3228 1378 3326 1457 δ’
3360 1391 3863 1481 Paganorunae,

653 1495 783 1596 qui
833 1514 983 1571 nort
1027 1486 1485 1591 consentiunt
1536 1484 1895 1573 nobiscum
1950 1481 2029 1559 in
2084 1479 2520 1558 ausbrt'tate
2569 1478 2882 1584 alicujus
2932 1480 3357 1601 Scriptum:
3393 1492 3466 1587 J
3468 1483 3864 1580 udaeorum,

654 1617 903 1677 contra
954 1598 1145 1711 qugs'
1174 1591 1551 1693 dffputare
1590 1585 1761 1689 poff
1748 1608 1955 1664 umus
2053 1613 2132 1661 er
2185 1592 2406 1662 Vetus
2457 1579 3013 1696 Tellatnentum
3066 1613 3083 1661 :
3137 1585 3233 1661 <9⁴
3293 1585 3816 1664 Haereticorum
3832 1624 3876 1683 ς

654 1720 904 1778 contra
956 1720 1125 1793 quos
1165 1713 1302 1795 per
1355 1694 1654 1769 Novum
1707 1745 1726 1763 .
1766 1691 1958 1785 ,Quo
2060 1708 2236 1783 ergo
2291 1685 2747 1762 elucubramt
2800 1688 3010 1784 Opus
3059 1739 3104 1780 ,-
3157 1708 3309 1763 non
3375 1704 3600 1765 vocat
3652 1696 3866 1765 Sum·

656 1826 857 1879 mam
910 1797 1291 1875 Thom‘as:
1343 1815 1579 1889 neque
1633 1786 2057 1867 adamussim
2115 1785 2241 1861 illa
2292 1785 2521 1862 verba
2555 1839 2582 1879 ,
2633 1808 2883 1862 contra
2940 1783 3270 1863 Gentiles
3299 1840 3327 1880 ,
3385 1787 3875 1881 conveniunt3

657 1924 831 1982 cum
884 1923 1033 1977 non
1088 1896 1325 1972 solum
1380 1902 1706 1989 Paganos
1775 1944 1803 1984 ,
1848 1885 2341 1964 verumetiam
2399 1886 2969 1963 muhamedanos
3020 1939 3045 1978 ,
3078 1895 3151 1989 J
3155 1885 3392 1968 udaeos-
3430 1940 3458 1980 ,
3509 1887 3582 1965 &
3632 1886 3878 1965 homi·

662 2024 792 2084 nes
848 1997 1330 2079 Heterodoxos
1381 1995 1639 2070 eodem
1699 1990 1775 2093 in
1833 1993 2085 2085 Opere
2138 1984 2630 2066 confutaverit
2673 2042 2690 2061 .
2775 1985 2973 2065 Hinc
3029 1989 3285 2067 eadem
3358 1991 3578 2067 verba
3628 2043 3658 2085 ‚
3725 1984 3879 2088 ipsa

663 2104 894 2183 ferme
948 2096 1345 2198 Aquinatis
1398 2112 1650 2187 aetate,
1706 2116 1854 2169 non
1909 2088 2054 2166 alia
2107 2090 2195 2166 de
2245 2087 2457 2166 causa
2510 2086 2785 2183 adjeela
2840 2088 3456 2186 existimaverim,
3508 2087 3642 2169 nili
3683 2090 3864 2191 quia

663 2205 911 2308 potior
964 2218 1122 2300 pars
1177 2195 1446 2295 Operis
1499 2215 1751 2274 contra
1807 2191 2139 2270 Gentiles
2193 2189 2624 2267 insumitur.
3295 2224 3308 2235 -

767 2306 1025 2386 Obvia
1077 2298 1477 2378 difficultas
1527 2291 1851 2393 emergit
1902 2317 1992 2370 ex
2050 2290 2200 2370 illis
2251 2290 2527 2377 divinis
2581 2289 3014 2371 veritatibus
3050 2347 3075 2389 ,
3129 2317 3309 2391 quas
3360 2293 3755 2395 diligenter
3804 2286 3886 2373 δε

716 2408 951 2487 rolixe
1008 2401 1314 2482 illustrat
1366 2396 1700 2499 Aquinas
1754 2450 1782 2491 ,
1864 2393 2263 2494 caeteroqui
2318 2392 2585 2471 lumini
2671 2414 2948 2474 naturae
3018 2394 3308 2495 perviis.
3342 2452 3359 2470 .
3438 2384 3884 2496 Huiusmodi

662 2436 832 2593 funt
884 2504 1220 2606 Supremi
1280 2498 1654 2581 Numinis
1710 2494 2149 2591 existentia,
2200 2493 2273 2573 8<
2328 2495 2623 2590 unitaS,
2673 2520 2757 2574 ac
2809 2513 3068 2574 caetera
3119 2497 3327 2610 plura
3376 2496 3634 2575 divina
3689 2493 3893 2578 attri-

663 2615 841 2692 buta
871 2664 901 2704 ,
955 2626 1039 2685 ut
1095 2600 1425 2704 potentia
1475 2602 1549 2679 8<
1601 2597 2102 2699 providentia:
2157 2622 2316 2697 quae
2369 2595 2577 2674 ficuti
2631 2598 2994 2678 Veritates
3045 2599 3264 2677 Faedeae’
3321 2597 3705 2677 Catholicae
3749 2622 3873 2700 ap-

662 2710 921 2817 pellari
974 2733 1126 2786 non
1177 2702 1497 2782 debuiffe
1549 2704 1894 2780 videntur
1938 2754 1965 2794 ‚
2043 2700 2146 2777 ita
2208 2698 2462 2780 titulus
2534 2700 2802 2799 Operis
2871 2724 3026 2779 non
3077 2698 3299 2778 fuerit
3371 2701 3463 2779 cle
3536 2698 3870 2779 Veritate

664 2813 882 2896 Fidei
935 2806 1319 2888 catholicae
1347 2865 1365 2883 .
1425 2808 1642 2886 Hanc
1697 2802 1847 2905 ipse
1906 2802 2248 2881 Thomas
2302 2800 2815 2882 difficultatem
2856 2819 3380 2919 praeoccupat,
3430 2822 3887 2902 omnemque

669 2917 872 2997 tollit
926 2914 1014 2990 de
1067 2910 1449 3011 genuino,
1499 2929 1726 3007 quem
1784 2904 2243 3000 adserimus,
2297 2904 2521 2985 titulo
2571 2904 3152 2983 dubitanonem.
3207 2902 3616 3005 Distinguit
3687 2925 3901 2983 nam·

721 3043 811 3095 ue
862 3012 1102 3112 capite
1167 3037 1329 3089 111.
1385 3007 1749 3110 duplicem
1800 3006 2157 3087 veritatis
2207 3004 2494 3100 divina
2547 3007 2887 3086 modum:
2940 3005 3243 3086 alterius
3323 3004 3675 3108 quidem,
3724 3029 3898 3107 qun

656 3039 1101 3222 Jecultatem
1153 3139 1436 3190 omnem
1488 3113 1815 3188 humanae
1866 3106 2175 3187 rationis
2224 3107 2506 3188 excedit
2526 3138 2554 3187 :-
2601 3108 2905 3189 alterius
2957 3109 3185 3189 etiam
3206 3164 3231 3204 ,
3285 3110 3385 3187 ad
3434 3135 3655 3209 quam
3691 3101 3892 3189 ratt‘e

676 3215 1044 3300 naturalis
1083 3211 1507 3314 pertingere
1551 3209 1797 3309 potest.
1824 3211 2055 3289 Primi
2108 3211 2402 3311 generis
2452 3212 2801 3290 veritates
2856 3211 3003 3290 sola
3032 3211 3174 3290 Dei
3228 3210 3461 3297 libera
3503 3210 3890 3291 revelatio-

672 3343 776 3403 ne
830 3315 1326 3426 innotescunt:
1387 3311 1755 3389 credimus
1807 3336 1969 3406 eas,
2018 3328 2096 3389 at
2146 3310 2326 3392 scire
2361 3337 2551 3392 ,non
2624 3315 2990 3411 possumus
3027 3368 3046 3389 .
3133 3312 3511 3392 Veritates
3581 3311 3885 3392 alterius

678 3419 975 3526 generis
1028 3416 1364 3494 humanae
1419 3412 1734 3491 scientiae
1789 3411 2052 3489 subefl'e
2108 3412 2428 3510 possunt:
2492 3412 2780 3490 easdem
2834 3438 2926 3490 ue
2995 3430 3249 3491 tamen
3312 3468 3339 3508 ,
3410 3413 3694 3493 tametsi
3769 3412 3883 3493 in-

666 3518 1056 3627 ·qut‘sttioni
1107 3514 1415 3596 rationis
1453 3511 1740 3618 perviae
1769 3511 1977 3616 stnt,
2009 3511 2567 3612 supernaturali
2619 3539 2795 3591 reve
2824 3511 3075 3593 atione
3116 3513 3426 3614 proponi
3491 3517 3885 3597 credendas

679 3619 1043 3718 debuiffe,
1086 3617 1416 3720 pluribus
1446 3614 1778 3696 ostendit
1816 3611 2130 3724 κὃιῐιᾶιιε
2181 3614 2553 3694 Thomas.
2612 3615 2818 3694 Hinc
2847 3613 2979 3709 fit,
3034 3615 3408 3717 integrum
3442 3617 3677 3695 veluti
3729 3641 3888 3697 cor-

676 3752 814 3828 pus
864 3721 1084 3803 Fidei
1134 3718 1559 3814 Catholicae,
1612 3733 1928 3817 utroque
1977 3713 2324 3796 constitui
2382 3717 2783 3796 veritatum
2835 3740 3150 3817 genere,
3199 3744 3388 3820 quae
3441 3717 3532 3798 ad
3604 3744 3880 3800 utram·

677 3852 824 3929 que
876 3824 1164 3904 classem
1219 3819 1586 3921 pertinent
1625 3847 1642 3897 :
1696 3819 1961 3918 easque
2011 3817 2159 3898 sme
2210 3817 2440 3899 dubio
2489 3823 2724 3898 Sacrae
2798 3819 2952 3908 Scri
3008 3841 3183 3900 turae
3251 3819 3579 3921 praestant
3631 3876 3658 3917 ‚
3721 3847 3887 3922 quae

676 3930 1014 4012 divinam
1067 3923 1593 4002 revelationem
1649 3918 2275 4019 compleCiuntur.
2330 3921 2583 4002 Potuit
2633 3946 2813 4022 ergo
2867 3923 2956 4000 de
3067 3923 3267 4024 itque
3322 3924 3532 4026 Opus
3582 3950 3625 4002 a
3680 3927 3900 4014 Tho--

676 4055 804 4111 ma
854 4022 1339 4127 compositum
1393 4022 1750 4124 aptiffime
1804 4022 2164 4118 inscribi,
2234 4020 2329 4102 de
2381 4021 2710 4103 Ver-itate
2783 4022 3002 4103 Fidei
3079 4025 3514 4106 Catholicae:
3586 4025 3665 4104 in
3738 4052 3891 4127 qu·

676 4129 1034 4235 praedifiae
1087 4127 1435 4206 veritates
1485 4149 1746 4204 omnes
1797 4143 2302 4224 exponuntur,
2353 4123 2428 4201 8<
2479 4124 2998 4203 vindicantur.

783 4233 905 4311 Ad
955 4249 1294 4327 tempus,
1344 4252 1496 4328 quo
1545 4225 2049 4305 elucubratum
2100 4228 2315 4324 Opus
2366 4223 2558 4321 fuit,
2611 4225 3123 4305 definiendum
3159 4225 3398 4307 sermo
3444 4227 3685 4309 noster
3717 4256 3892 4311 con·

644 4333 1020 4412 vertitur.
1072 4336 1331 4410 Certas
1385 4325 1733 4428 patefacit
1784 4325 2263 4425 temporarias
2316 4344 2530 4405 notas
2588 4327 3031 4407 Ptolomaeus
3082 4330 3426 4412 Lucensis
3450 4389 3471 4410 .
3529 4337 3617 4412 In
3657 4335 3889 4412 Libro

672 4432 1020 4517 Historiae
1070 4427 1591 4511 Ecclefiasticae
1642 4431 1889 4509 XXII.
1960 4427 2218 4506 diserte
2292 4446 2538 4508 narrat
2614 4430 2864 4529 capite
2934 4455 3210 4509 xx111.
3287 4442 3503 4513 Anno
3579 4434 3898 4516 Domini

686 4539 902 4615 1261.
958 4535 1038 4613 in
1089 4531 1457 4611 Cathedra
1509 4530 1717 4611 Petri
1775 4529 2149 4609 Urbanum
2199 4539 2322 4607 IV.
2357 4527 2631 4630 sediffe
2655 4587 2685 4629 ‚
2735 4528 3184 4633 affumptum
3261 4535 3343 4616 t‘n
3417 4537 3894 4618 decollatione

675 4634 933 4719 SaenHt'
963 4633 1289 4748 Joannjs
1340 4630 1725 4734 Baptistae:
1760 4629 2033 4729 sediffe
2081 4654 2329 4714 autem
2379 4633 2615 4713 tribus
2670 4632 2935 4731 annis,
2986 4635 3230 4736 mense
3278 4664 3457 4717 uno.
3514 4639 3745 4718 Addit
3782 4640 3892 4719 in·

675 4740 1023 4840 sequente
1073 4750 1314 4834 capite
1366 4760 1461 4813 xx
1475 4759 1580 4812 1v.
1606 4743 1822 4813 Tunc
1872 4742 2215 4813 Fratrem
2268 4733 2634 4814 Thomam
2686 4735 2978 4833 rediiffe
3027 4738 3120 4818 de
3171 4738 3478 4841 Parisiis
3526 4742 3613 4820 ex
3665 4741 3884 4820 certis

664 4837 931 4942 ι’·σκβςε
988 4838 1089 4917 ad
1124 4833 1561 4950 petitionem
1621 4836 1897 4948 Urbani
1947 4836 2189 4915 multa
2224 4833 2522 4935 fec-ifle,
2570 4840 2668 4916 G*
2700 4837 3092 4942 scripstffe:
3148 4864 3232 4918 ac
3283 4840 3513 4920 etiam
3565 4863 3883 4942 tempore

680 4941 1011 5046 cqufdem
1061 4933 1489 5056 Ponttficts,
1536 4941 1843 5054 Ltlnjum
1894 4962 2146 5017 contra
2197 4940 2528 5022 Gentiles
2578 4940 2674 5019 ab
2744 4967 2834 5020 eo
2881 4941 3305 5021 confefi'um
3341 4999 3364 5021 .
3438 4947 3508 5023 A
3581 4944 3701 5020 die
3759 4970 3877 5041 29.

679 5043 997 5147 Augusti
1047 5065 1226 5129 amu
1288 5043 1748 5125 1261.tenu1t
1775 5044 2203 5124 Romanam
2251 5044 2514 5127 Sedem
2530 5043 2892 5224 {eranus
2945 5045 3039 5123 ad
3078 5061 3358 5124 annum
3398 5049 3614 5139 1264.
3650 5042 3884 5123 diem-

2689 5172 2736 5225 2
3732 5169 3886 5249 que
