4597 5696
1321 406 1456 471 DE
1514 400 2100 467 VERITATE
2159 393 2895 463 CATHOLICAE
2953 392 3265 465 mum

802 630 816 641 ‚
1308 620 1320 631 ‚
1547 619 1560 634 .
2348 538 2435 601 ut
2488 518 2571 598 in‘
2622 522 2678 597 1.
2731 516 2761 615 (
2815 515 2981 594 Lib.
3029 536 3192 613 cap.
3240 532 3413 591 xxv.
3466 507 3496 605 )
3555 504 3983 590 ostensm‘'

671 645 968 729 patrone
1034 635 1389 737 ‘potennae
1467 619 1772 736 alicujus
1815 681 1835 700 .
1912 626 2029 701 De
2084 626 2253 701 Deo
2351 623 2455 702 est
2506 620 2600 700 de
2653 609 3624 713 intellee‘cualiopetatione,
3668 611 3930 688 eadem

671 746 920 809 autem
974 721 1168 841 nrhil
1222 717 1454 821 potest
1505 723 1656 801 d1c1
1713 723 2251 825 participative,
2357 723 2566 809 enim
2617 722 2820 801 ratio
2874 720 2954 799 in
3004 716 3172 795 aliis
3222 708 3581 813 competit
3616 766 3636 786 .
3691 711 3931 809 Igitur

672 854 844 945 cum
898 824 984 906 fit
1056 824 1296 925 ipsum
1384 823 1594 904 suum
1671 828 1856 922 effe,
1929 843 2010 905 ut
2064 826 2145 904 in
2199 826 2255 902 1.
2363 824 2454 906 in'
2504 829 2669 905 Deo
2746 848 2902 901 non
2970 819 3071 898 est
3139 816 3338 894 aliud
3382 811 3787 913 potentia,
3858 810 3936 887 8<

679 934 845 1050 Lib.
901 932 927 1030 (
966 951 1136 1047 pap.
1192 952 1330 1007 xx1
1353 953 1410 1008 1.
1467 926 1495 1026 )
1545 926 1912 1008 ostensum
1948 927 2048 1007 est
2078 986 2098 1005 .
2127 922 2258 1006 Est
2362 928 2562 1008 aliud
2614 924 2815 1005 afflo
2865 981 2885 999 .
3714 1005 3718 1009 .
3992 918 3995 919 ’

682 1052 911 1136 igitur
963 1030 1113 1132 ipsa
1156 1031 1289 1149 ‘sua
1341 1030 1677 1132 potentia
1709 1087 1748 1147 ‚⁹
2328 1104 2334 1111 ,
2474 1058 2539 1107 2.
2597 1033 2831 1108 Item.
2860 1023 3085 1104 Actio
3107 1017 3413 1116 alicujus
3438 1014 3555 1095 rei
3579 1012 3680 1091 est
3712 1012 3940 1113 quod-

792 1165 858 1238 3.
917 1132 1264 1252 Arnpltus
1339 1188 1380 1250 ‘.
1438 1137 1780 1215 Potentia
1853 1133 2099 1215 affiva
2171 1129 2264 1206 ad
2360 1135 2539 1213 darn
2589 1128 3223 1230 complementum
3293 1117 3639 1223 potentia
3706 1117 3863 1207 eius
3912 1165 3943 1206 ‚

687 1235 1225 1355 perfieehonem
1280 1260 1386 1312 ret
1440 1235 1805 1335 pertinet,
1858 1255 1941 1317 ut
1980 1260 2070 1315 ex
2097 1255 2266 1334 prae-
2368 1248 2835 1334 comparatur
2885 1229 3091 1306 enirn
3140 1226 3233 1303 ad
3301 1222 3713 1321 potentiam
3766 1214 3946 1293 ficut

690 1340 907 1420 chffis
979 1339 1005 1436 (
1047 1362 1215 1454 pap.
1263 1361 1511 1443 ρας.
1558 1338 1585 1433 )
1637 1357 1835 1439 patet
1890 1398 1910 1416 .
1991 1335 2264 1417 Omnis
2365 1356 2566 1425 ntus
2622 1332 2968 1414 secundus
3045 1328 3140 1407 ad
3211 1325 3541 1426 primum
3583 1381 3603 1400 .
3660 1317 3950 1400 Divina

692 1462 941 1520 autem
995 1441 1248 1518 d1vma
1329 1435 1686 1539 perfeftio
1754 1442 1834 1519 in
1911 1439 2070 1542 ipso
2138 1436 2267 1514 suo
2366 1459 2616 1519 autem
2692 1430 3023 1536 potentia
3064 1454 3250 1508 non
3318 1425 3732 1524 completur
3804 1418 3951 1496 alia

670 423 693 466 ι
711 433 790 493 30

664 522 765 604 est
821 518 944 600 sua
997 516 1330 621 potentia
1355 570 1382 609 ‚
1435 515 1535 595 est
1617 537 1876 632 potens
1956 517 2246 620 partici-

697 1546 836 1621 ess'e
883 1540 1360 1638 continetur,
1410 1557 1495 1621 ut
1548 1541 1627 1619 in
1681 1549 1735 1623 1.
1794 1543 1961 1621 Lib.
2034 1539 2063 1637 (
2115 1540 2269 1637 cap'.
2371 1564 2598 1644 quam
2651 1538 2721 1615 se
2776 1535 2973 1638 ipst,
3022 1556 3257 1633 quum
3310 1527 3396 1606 fit
3460 1527 3613 1628 ipsa
3652 1522 3799 1603 Dei
3849 1520 3951 1598 es-

698 1645 852 1729 11v.
908 1642 936 1740 )
1006 1642 1370 1723 ostensum
1436 1640 1541 1722 est
1593 1702 1613 1721 .
1690 1646 1974 1726 Divina
2049 1641 2274 1741 igitur
2378 1643 2609 1723 sentia
2661 1699 2681 1718 .
2740 1642 2830 1717 In
2886 1643 3056 1717 Deo
3103 1632 3333 1733 igitur
3388 1656 3546 1708 non
3596 1626 3695 1706 est
3750 1622 3959 1717 aliud,

698 1746 1035 1848 potentia
1087 1769 1240 1824 non
1293 1745 1392 1825 est
1445 1744 1645 1825 aliud
1697 1750 1792 1826 ab
1845 1747 2002 1847 ipso
2055 1744 2203 1822 effe
2256 1796 2276 1818 .

700 1854 909 1966 Deus
987 1864 1238 1927 autern
1313 1847 1414 1928 est
1488 1849 1698 1929 suum
1774 1850 1914 1927 effe
1957 1904 1985 1942 .,
2062 1862 2146 1924 ut
2199 1844 2281 1921 in

701 1975 952 2052 pnmo
1006 1951 1176 2029 Lib.
1233 1952 1261 2051 (
1311 1977 1467 2053 cap.
1537 1978 1678 2034 xx-1
1699 1982 1758 2032 1.
1816 1953 1844 2051 )
1913 1948 2283 2031 ostensum

701 2050 842 2135 est.
900 2051 1026 2130 Est
1079 2052 1311 2152 igitur
1361 2055 1483 2131 sua
1537 2056 1870 2156 potentia
1919 2111 1941 2130 .

741 2253 760 2271 ·
807 2180 884 2250 4.
942 2157 1177 2231 Item.
1234 2158 1323 2233 In
1379 2157 1592 2235 rebus
1642 2157 1956 2256 qu’arum
2037 2167 2288 2251 poten-

697 2274 828 2333 -tlae
881 2276 1035 2368 non
1089 2252 1254 2333 sunt
1306 2279 1561 2334 earum
1621 2255 2058 2343 substantia,
2126 2249 2292 2351 ipsae

710 2370 1065 2472 potentlae
1115 2356 1283 2443 sunt
1353 2359 1760 2437 accidentia
1812 2384 1841 2432 .·
1927 2354 2117 2431 unde
2172 2375 2296 2448 po-

709 2473 954 2575 ‘5¹²0ss
1002 2457 1355 2557 naturalis·
1409 2460 1489 2540 in
1527 2461 1832 2541 secunda
1862 2455 2097 2558 specie
2123 2474 2298 2550 qua-

715 2559 950 2639 litatis
1002 2561 1301 2659 ponitur
1348 2618 1370 2638 .
1457 2568 1546 2659 In
1622 2569 1790 2642 Deo
1833 2577 2092 2638 autem
2139 2576 2294 2631 non

718 2660 950 2779 potest
1003 2660 1144 2739 effe
1215 2664 1520 2764 aliquod
1591 2665 1925 2746 accidens
1981 2715 2005 2755 ‚
2079 2672 2164 2735 ut
2217 2653 2296 2730 in

720 2788 968 2863 primo
1020 2765 1186 2843 Lib.
1241 2766 1270 2863 (
1320 2793 1475 2870 cap.
1529 2794 1800 2847 xx111.
1857 2766 1883 2865 )
1935 2758 2297 2841 osten-sum

719 2864 858 2944 est.
918 2870 1120 2946 Deus
1178 2868 1405 2966 igitur
1457 2872 1558 2949 est
1615 2873 1736 2949 sua
1790 2865 2124 2970 potentia
2174 2918 2194 2937 .

804 2990 900 3082 ος.
956 2971 1310 3046 P-raeterea
1353 3027 1373 3046 .
1448 2977 1703 3052 Omne
1772 2971 1970 3070 quod
2022 2963 2121 3043 est
2175 2983 2306 3061 per

726 3065 976 3162 ahud,
1030 3069 1401 3150 reducitur
1452 3075 1545 3151 ad
1598 3074 1674 3150 id
1737 3073 1939 3170 quod
2007 3065 2108 3145 est
2169 3084 2305 3162 per

2380 1744 2714 1850 potentia
2739 1794 2764 1835 ‚
2815 1742 2895 1818 &
2945 1737 3146 1842 aiiud
3193 1733 3391 1812 actio
3443 1787 3463 1808 .

2381 1877 2528 2029 est³
2534 1851 2679 2026 3139*
2689 1838 3421 2042 ἓὲὓῗέἑηξίωῑῑιῖο
3422 1826 3959 2025 ἵὲζιὶιῗεεῗεῗῑῖιῖ

2385 2052 2484 2130 est
2539 1975 2818 2150 aiiguid
2869 2070 2999 2123 ens
3032 2101 3050 2119 .
3108 1992 3248 2120 Sed
3325 2038 3585 2118 divina·
3631 2029 3961 2135 potentia

2388 2153 2493 2231 est
2563 2151 2716 2246 ejus
2796 2145 3159 2233 essentia,
3233 2155 3316 2216 ut
3404 2138 3772 2221 ostensum
3858 2129 3962 2209 est

2391 2255 2421 2352 (
2475 2277 2630 2352 cap.
2685 2274 2913 2326 v111.
2971 2245 2999 2340 )
3055 2246 3256 2338 Ergo
3310 2237 3520 2318 suurn
3594 2259 3811 2334 agere
3862 2228 3982 2310 est·

2399 2357 2609 2432 suum
2661 2352 2800 2427 esse
2855 2404 2873 2423 .
2926 2346 3067 2424 Sed
3121 2341 3275 2435 ejus
3327 2343 3469 2419 effe
3518 2337 3620 2415 est
3664 2337 3783 2412 sua
3808 2332 3969 2411 sub-

2400 2454 2700 2535 stantia.
2757 2453 2964 2547 Ergo
3011 2443 3266 2523 divina
3317 2443 3513 2529 actio
3542 2439 3638 2519 est
3672 2437 3794 2513 sua
3812 2434 3969 2515 sub·

2396 2557 2702 2644 stantius,
2751 2553 2825 2630 8<
2878 2550 2975 2627 fic
3026 2547 3226 2625 idem
3278 2546 3478 2643 quod
3528 2540 3760 2644 prius.

2446 2690 2453 2699 ·
2502 2686 2574 2757 4.
2633 2653 2934 2736 Adhuc.
2992 2647 3220 2728 Actio
3266 2671 3431 2745 quae
3479 2669 3634 2724 non
3685 2636 3783 2717 est
3811 2638 3969 2716 sub-

2400 2760 2663 2843 stantia
2713 2753 2996 2856 agentis
3025 2805 3052 2843 ‚
3106 2746 3287 2826 inest
3341 2745 3613 2825 cificut
3638 2740 3976 2819 accidens

2404 2863 2728 2960 subjecto
2746 2887 2776 2935 .·
2830 2853 3022 2934 unde
3072 2853 3143 2930 8<
3200 2852 3395 2930 actio
3449 2848 3639 2927 inter
3690 2865 3972 2922 novem

2404 2965 2966 3069 praedicamenta
3014 2951 3416 3033 accidentis
3466 2960 3973 3046 computatur.

2411 3074 2501 3148 ln
2559 3072 2723 3144 Deo
2792 3077 3043 3138 autem
3110 3080 3272 3132 non
3338 3052 3566 3155 potest
3635 3050 3774 3126 effe
3847 3043 3977 3122 ali-

727 3170 827 3288 sfo
857 3167 1039 3266 ficut
1089 3173 1181 3249 ad
1232 3173 1600 3271 primum.
1637 3172 1811 3252 Alia
1857 3194 2042 3251 vero
2086 3190 2303 3266 agen·
2405 3167 2583 3270 quid
2633 3188 2764 3267 per
2815 3161 3123 3242 modum
3175 3154 3605 3237 accidenti&
3664 3155 3753 3230 In
3809 3151 3978 3224 Deo

729 3287 838 3351 tia
892 3273 1331 3380 reducuntur
1382 3276 1462 3356 in
1522 3281 1772 3355 Deum
1825 3269 2002 3353 ficut
2055 3268 2303 3369 inpri-

675 3479 684 3487 ,
732 3393 947 3452 mum
999 3399 1259 3474 agens.
1318 3378 1445 3462 Est
1500 3378 1732 3478 igitur
1774 3401 2000 3476 agens
2053 3398 2179 3473 per
2215 3370 2307 3447 se.

736 3476 982 3593 Quod·
1016 3492 1265 3557 autem
1319 3504 1449 3582 per
1505 3483 1574 3558 se
1627 3479 1785 3578 agit
1823 3533 1849 3573 ‚
1930 3501 2057 3578 per
2109 3474 2312 3551 suam

736 3580 1118 3694 ess-entiam
1172 3582 1330 3696 agit
1385 3611 1402 3661 ε
1461 3582 1536 3661 id
1608 3601 1856 3660 autem
1932 3605 2082 3678 quo
2148 3575 2314 3676 quis

736 3695 939 3797 agit,
985 3684 1088 3760 est
1142 3706 1297 3779 ejus
1371 3682 1616 3762 astiva
1689 3681 2069 3784 potentia.
2155 3676 2317 3779 Ipsa

739 3796 976 3962 {gltttilr
1027 3783 1176 3864 Dei
1229 3787 1530 3866 essentia
1582 3783 1683 3864 est
1734 3781 1886 3884 ejus
1913 3780 2157 3894 aestiva
2183 3805 2312 3882 po·

774 3904 867 3960 en
929 3903 1016 3962 a.

2414 3369 2852 3464 substantia,
2904 3365 2979 3443 &
3030 3386 3074 3440 a
3126 3363 3250 3439 sua
3302 3358 3673 3466 potentia.
3742 3395 3777 3432 s.

2751 3527 2805 3590 c
2892 3528 2952 3592 A
3039 3521 3089 3584 Ρ
3175 3523 3231 3584 υ
3321 3523 3383 3584 τ
3545 3518 3631 3579 x.
3754 3530 3765 3542 ¹
3884 3597 3897 3608 ο

2673 3631 2944 3736 ,Qualia-r
2979 3645 3227 3726 potencia
3257 3645 3320 3702 in
3348 3645 3469 3702 Deo
3506 3633 3730 3699 dicuni
3759 3673 3778 3693 .

2615 3772 2771 3852 Uia
2845 3790 3021 3844 vero
3099 3760 3287 3841 nihil
3378 3758 3477 3837 est
3567 3755 3673 3834 sui
3767 3749 3982 3856 ipfius

2673 3866 3171 3977 principium,
3237 3887 3410 3940 curn
3479 3859 3734 3973 dix-tina
3785 3857 3983 3935 actio

1065 4047 1124 4113 C
1207 4050 1307 4190 A,
1355 4047 1406 4112 P
1493 4050 1550 4112 U
1638 4048 1700 4111 T
1782 4167 1797 4184 ‚
1867 4046 2018 4181 Dc.-
2413 4077 2568 4172 tia3
2618 3963 4055 4166 rssffifesffussueffiqetssgaefficustgotgd

968 4171 1148 4258 ΕΜ
1188 4174 1306 4236 1)“
1333 4190 1587 4257 putenm
1623 4172 1698 4250 β’
1737 4192 1863 4253 ‘¹⁸⁰
1899 4167 2047 4232 ‘3¹⁰
2087 4203 2109 4225 ·
2420 4175 2748 4285 potentia
2822 4199 2979 4255 ,non
3055 4169 3323 4249 dicitur
3404 4168 3490 4245 in
3570 4170 3737 4244 Deo
3836 4178 3989 4240 :cut

748 4289 987 4479 EX
1041 4292 1182 4371 hoc
1235 4316 1484 4376 autem
1535 4293 1813 4377 ostendi
1851 4287 2086 4391 potest
2120 4283 2320 4388 quod
2424 4279 2874 4386 principium
2926 4271 3236 4353 actionis
3264 4326 3291 4365 ‚
3345 4267 3464 4348 sed
3513 4265 3694 4346 ficut
3722 4259 3989 4366 princi-

953 4397 1300 4509 *potentia
1356 4399 1503 4478 Dei
1555 4424 1709 4477 non
1737 4395 1823 4473 fit
1854 4393 2055 4473 aliud
2090 4411 2340 4490 quam·
2422 4386 2634 4488 pium
2686 4380 2858 4458 facti
2913 4434 2932 4455 .
2993 4380 3093 4455 Et
3141 4377 3318 4474 quia
3366 4369 3696 4471 potentia
3761 4364 3994 4466 respe-

754 4494 877 4575 sua
931 4493 1133 4582 aestio
1176 4552 1196 4572 .
2425 4504 2635 4567 ctum
2686 4484 2777 4561 ad
2831 4480 3146 4558 alterum
3219 4474 3570 4575 importat
3643 4470 3724 4548 in
3774 4466 3992 4546 ratio-

869 4623 929 4675 1.
984 4599 1172 4699 Quae
1222 4599 1432 4677 enim
1495 4600 1633 4679 uni
1702 4600 1776 4678 8<
1848 4595 2093 4676 eidem
2165 4591 2332 4684 sunt
2434 4611 2527 4667 ne
2582 4581 2932 4688 principii
2975 4608 2992 4657 ε
3045 4574 3147 4657 est
3198 4577 3406 4654 enim
3456 4573 3786 4675 potentia
3817 4566 3994 4647 acti-

753 4700 1017 4778 eadem
1049 4754 1075 4795 ‚
1121 4697 1261 4777 fibi
1316 4700 1643 4780 invicem
1663 4700 1827 4780 sunt
1877 4699 2171 4778 eadem.
2202 4693 2334 4772 Di·
2434 4717 2533 4769 va
2580 4684 3032 4790 principium
3099 4678 3368 4779 agendi
3436 4676 3519 4756 in
3582 4673 3834 4768 aliud,
3912 4684 4000 4750 ut

759 4803 936 4882 vina
982 4818 1236 4882 autem
1289 4802 1620 4903 potentia
1670 4800 1774 4879 est
1821 4801 1978 4898 eius
2020 4795 2331 4878 substan·
2487 4807 2636 4871 atet
2682 4812 2815 4893 per
2867 4781 3389 4883 Philosophum
3428 4779 3509 4857 in
3535 4782 3630 4854 V.
3660 4771 4002 4873 Metaph.

761 4906 869 5020 tia
904 4959 953 5000 ‚.
1000 4921 1083 4985 ut
1133 4902 1497 4984 ostensum
1579 4901 1678 4979 est
1759 4902 1786 5000 (
1839 4927 1994 5000 cap.
2049 4925 2254 5002 praec.
2310 4895 2339 4995 )
2435 4820 2693 4993 {text
2745 4915 2936 4971 corn.
2989 4911 3129 4965 xv1
3154 4912 3211 4961 1.
3267 4884 3295 4978 )
3362 4876 3828 4981 manifestum
3900 4871 4002 4952 est

767 5029 926 5108 ejus
977 5007 1212 5089 etiam
1253 5003 1456 5090 aetio
1489 5002 1607 5087 est
1655 4999 1812 5103 eius
1861 5000 2257 5084 substantia
2307 5051 2338 5100 ,
2435 4997 2641 5102 quod
2683 4989 3020 5102 potentia
3069 4985 3338 5069 dicim
3388 4984 3478 5068 de
3531 4986 3699 5068 Deo
3744 4998 4004 5155 petilre·

1307 5167 1322 5179 .
2651 5111 2664 5130 ·
2872 5151 2883 5162 ,
2984 5139 2991 5144 -
3802 5121 3809 5140 .
3880 5100 4008 5179 pe-

2406 3271 2634 3370 igitur
2689 3266 2809 3345 sua
2860 3262 3058 3341 actio
3108 3284 3265 3337 non
3335 3258 3433 3337 est
3514 3253 3712 3334 aliud
3763 3275 3806 3328 a
3856 3246 3980 3326 sua
4118 3295 4131 3308 ·
