4597 5696
708 390 792 461 38

752 504 1254 609 propelluntur
1298 494 1448 603 qu'a
1496 503 1572 580 8<
1614 500 1979 593 idolatrae,
2031 502 2162 600 qui
2198 498 2305 578 in-

752 603 1349 688 communicabile
1401 631 1662 682 nomen
1690 658 1717 699 ‚
1774 601 2050 680 scilicet
2106 603 2305 698 Dei,

750 709 983 810 lignis
1042 762 1070 801 ‚
1136 709 1233 786 <³-
1305 703 1678 807 lapidibus
1759 702 2300 804 imposuerunt,

752 831 834 892 ut
913 811 1218 889 habetur
1286 812 1444 909 Sap.
1499 828 1669 887 xxv.
1759 833 1877 883 21.
1949 806 2025 887 Si
2096 806 2302 884 enim

756 920 960 995 Deus
1012 911 1110 991 est
1160 912 1299 989 effe
1348 910 1693 989 omnium
1736 956 1762 1003 5
1836 934 1988 987 non
2073 906 2312 1004 magis

753 1016 1037 1096 dicetur
1084 1038 1258 1097 vere
1298 1063 1325 1109 ‚
1396 1012 1616 1112 Lapis
1668 1007 1769 1089 est
1821 1033 1949 1089 ens
1988 1060 2015 1105 ‚
2085 1030 2313 1110 quam

678 1160 693 1173 ·
755 1117 978 1217 Lapis
1029 1114 1159 1201 est,
1185 1121 1425 1194 Deus.

860 1217 1063 1297 Huic
1132 1232 1377 1295 autem
1451 1211 1679 1291 errori
1766 1228 2078 1313 quatuor
2147 1211 2316 1290 sunt

749 1343 911 1431 qua:
960 1320 1305 1397 videntur
1355 1313 1745 1416 praestitisse
1798 1311 2211 1399 fomentum
2235 1368 2255 1389 .

854 1421 1187 1499 Primum
1238 1414 1339 1494 est
1379 1417 1859 1515 quarumdam
1927 1413 2311 1493 auelorita-

750 1535 919 1599 tum
968 1515 1379 1601 intellectus
1420 1516 1791 1616 perversus
1824 1572 1844 1593 .
1930 1515 2311 1594 Invenitur

749 1620 958 1699 enirn
978 1645 1024 1698 a
1042 1616 1380 1699 Dionisio
1396 1614 1677 1695 dieium
1708 1617 2311 1717 tvcapaeaeLI-Iie·

753 1720 1052 1799 mrchiae
1099 1749 1117 1794 ε
1196 1715 1363 1816 Effe
1417 1714 1746 1796 omnium
1798 1715 1903 1818 est
1932 1715 2319 1818 supersub-

730 1819 1126 1926 stantialis
1180 1820 1627 1912 Divinitas.
1686 1821 1803 1897 Ex
1845 1843 2000 1919 quo
2050 1817 2321 1897 intelli-

746 1947 923 2024 gere
971 1922 1364 2004 voluerunt
1409 1977 1435 2018 ‚
1524 1918 1762 2020 ipsum
1816 1921 1954 1997 esse
2008 1917 2318 1999 formale

748 2025 1093 2104 omnium
1145 2049 1387 2103 rerum
1446 2029 1694 2103 Deum
1728 2023 1909 2112 esse,
1962 2047 2112 2098 non
2147 2046 2319 2098 con-

750 2125 1137 2204 siderantes
1191 2124 1383 2201 hunc
1438 2118 1896 2199 intellecium
1945 2119 2109 2218 ipsis
2159 2144 2322 2198 ver-

751 2225 868 2303 bis
924 2224 1329 2301 consonum
1379 2225 1520 2300 effe
1572 2246 1722 2296 non
1775 2222 1970 2318 posse
2017 2275 2037 2296 .
2113 2223 2319 2297 Nam

752 2323 807 2403 si
862 2322 1239 2402 Divinitas
1317 2321 1417 2399 est
1471 2321 1811 2401 omnium
1842 2320 2003 2406 ‚effe
2055 2317 2368 2397 forma-·

753 2425 876 2523 le,
926 2450 1082 2503 non
1134 2421 1275 2502 erit
1328 2424 1534 2523 super
1583 2418 1838 2500 omnia
1868 2475 1894 2512 ‚
1951 2420 2070 2500 sed
2125 2420 2317 2509 intra

750 2528 1053 2621 omnia,
1108 2526 1349 2605 immo
1376 2523 1656 2625 aliquid
1690 2521 2069 2601 omnium.
2125 2526 2323 2601 Cum

757 2630 963 2707 enim
1053 2627 1554 2706 Divinitatem
1632 2625 1841 2724 super
1910 2623 2167 2702 omnia
2219 2623 2325 2701 di-

755 2731 915 2827 xit,
966 2728 1280 2809 ostendit
1314 2728 1709 2808 secundum
1738 2743 2073 2805 naturam
2121 2725 2324 2803 suam

750 2833 847 2909 ab
898 2828 1244 2910 omnibus
1285 2825 1747 2924 dmidium,
1800 2827 1874 2905 8(
1912 2824 2117 2928 super
2167 2850 2326 2906 om-

755 2933 882 3008 nia
934 2930 1379 3009 collocatum
1422 2985 1441 3008 .
1518 2935 1634 3009 Ex
1690 2931 1829 3008 hoc
1896 2931 2079 3007 vero
2128 2929 2328 3027 quod

753 3032 944 3109 dixit
977 3085 1004 3127 ‚
1082 3032 1280 3130 quod
1355 3028 1731 3110 Divinitas
1803 3027 1903 3107 est
1976 3031 2115 3105 ess'e
2168 3052 2329 3105 om-

750 3133 966 3210 nium
1014 3188 1041 3230 ‚
1110 3129 1423 3209 ostendit
1471 3132 1669 3229 quod
1719 3156 1764 3207 a
1819 3132 1984 3207 Deo
2036 3127 2115 3206 in
2166 3151 2327 3206 om-

750 3234 973 3312 nibus
1033 3232 1364 3330 quaedam
1442 3231 1682 3310 divini
1734 3233 1874 3308 esse
1929 3228 2329 3308 similitudo

751 3332 1124 3433 reperitur
1172 3388 1192 3409 .
1271 3335 1492 3411 Hunc
1562 3333 1789 3410 etiam
1861 3354 2115 3408 eorum
2167 3353 2327 3428 per-

752 3436 1044 3536 versum
1097 3431 1557 3512 intellectum
1611 3433 1790 3514 alibi
1844 3433 2163 3531 apertius
2196 3454 2317 3509 ex-

757 3536 1100 3628 cludens,
1151 3533 1337 3614 dixit
1389 3535 1470 3612 in
1528 3558 1636 3610 11.
1680 3558 1845 3631 cap.
1897 3533 1986 3609 de
2038 3533 2314 3612 divinis

760 3635 1219 3719 Nominibus
1264 3691 1290 3732 ‚
1357 3636 1554 3735 quod
1608 3632 1826 3736 ipsius
1880 3630 2029 3711 Dei
2081 3660 2313 3731 neque

762 3738 1002 3815 talias
1052 3790 1079 3831 ‚
1151 3764 1380 3834 neque
1430 3734 1682 3833 aliqua
1749 3730 2168 3812 commixtio
2214 3728 2319 3826 es}

764 3837 866 3914 ad
914 3865 1027 3915 res
1079 3834 1263 3914 alias
1294 3886 1321 3926 ‚
1373 3832 1574 3935 ficut
1619 3831 1721 3927 est
1822 3830 2026 3911 unffi
2078 3831 2176 3908 ad
2223 3819 2316 3909 li·

763 3962 976 4016 neam
1016 3990 1043 4032 ‚
1117 3936 1252 4014 vel
1281 3932 1550 4033 figurae
1584 3932 1834 4035 sigili
1886 3932 1986 4008 ad
2039 3958 2310 4009 ceram.

778 4067 790 4080 ·
861 4034 1527 4151 Secundum-‚quod
1580 4045 1702 4113 'eos
1754 4034 1833 4111 in
1881 4030 2072 4110 hunc
2123 4056 2316 4112 erro-

1364 366 1506 450 n'ss
1570 374 2157 453 vemt-Are
2218 360 2934 452 cATHochE
2994 382 3306 450 mum

2411 500 2557 578 stne
2594 500 2965 578 additione
2990 497 3509 583 consideratur:
3564 529 3715 583 non
3750 502 3957 584 enim

2407 601 2680 681 animal
2711 600 2938 699 potest
2969 602 3106 678 esse
3144 601 3411 702 absque
3431 605 3818 701 rationali,
3839 607 3961 685 vel

2405 701 2814 801 irrationali
2864 701 3281 780 differentia
3319 756 3347 795 ‚
3414 708 3750 805 quamvis
3803 705 3962 786 sine·

2405 799 2517 883 his
2568 802 3000 882 differentiis
3050 806 3453 902 cogitetur:
3506 806 3683 886 licet
3731 807 3962 887 etiam

2414 906 2783 1004 cogitetur
2834 904 3238 982 universale
3275 906 3541 1006 absque
3568 909 3966 1004 additione,

2418 1031 2568 1084 non
2603 1023 2852 1085 tamen
2880 1004 3147 1104 absque
3169 1009 3727 1113 receptibilitate
3770 1011 3968 1088 addi·

2415 1105 2637 1187 tionis
2664 1106 2994 1185 esttnam
3048 1107 3098 1182 fi
3155 1110 3459 1187 animali
3510 1111 3712 1188 nulla
3761 1110 3969 1189 diffea

2415 1209 2651 1287 tentia
2701 1207 2888 1287 addi,
2918 1209 3146 1307 posset
3172 1265 3196 1305 ‚
3219 1234 3445 1307 genus
3496 1237 3646 1290 non
3674 1213 3866 1288 esset:
3889 1211 3969 1290 δε

2412 1309 2745 1388 {imiliter
2777 1305 2880 1386 est
2902 1307 2994 1386 de
3042 1311 3386 1390 omnibus
3435 1312 3599 1389 aliis
3650 1312 3973 1390 nomini·

2414 1414 2594 1491 bus:
2642 1407 3005 1488 Divinum
3055 1427 3306 1488 autem
3358 1415 3496 1490 effe
3547 1412 3645 1489 est
3696 1413 3972 1512 absque

2411 1513 2811 1606 additione,
2831 1535 2986 1590 non
3038 1511 3276 1590 solum
3327 1514 3821 1611 cogitatione,
3849 1514 3974 1593 sed

2412 1613 2640 1692 etiam
2693 1613 2771 1689 in
2797 1633 3042 1690 rerum
3096 1630 3491 1704 naturazet
3541 1639 3696 1693 non
3749 1615 3993 1694 solum

2421 1715 2686 1813 absque
2739 1713 3113 1792 additione
3153 1767 3181 1808 ‚
3265 1716 3385 1793 sed
3436 1716 3670 1793 etiam
3722 1718 3994 1817 absque

2421 1815 2983 1915 receptibilitate
3062 1815 3458 1897 additionis
3501 1873 3519 1893 .
3609 1818 3830 1896 Unde
3900 1843 3995 1897 ex

2421 1918 2560 1996 hoc
2616 1915 2772 2017 ipso
2849 1916 3049 2014 quod
3099 1916 3554 1997 additionem
3611 1943 3762 1997 non
3814 1920 4003 1997 reci-

2422 2019 2579 2117 pit,
2630 2042 2767 2095 nee
2820 2017 3144 2115 recipere
3197 2017 3473 2120 potest,
3527 2022 3772 2117 magis
3821 2046 3993 2101 con·

2423 2118 2619 2195 cludi
2673 2117 2904 2215 potest
2955 2118 3159 2214 quod
3234 2123 3434 2196 Deus
3503 2144 3658 2196 non
3715 2120 3800 2197 sit
3855 2122 3994 2200 esse

2423 2240 2866 2308 commune,
2922 2215 3037 2293 sed
3083 2217 3504 2315 proprium.
3565 2221 3876 2297 Etenim
3905 2244 3997 2300 ex
4031 2262 4042 2279 ’-

2425 2316 2565 2395 hoc
2616 2314 2772 2415 ipso
2825 2315 3034 2394 suum
3087 2320 3227 2394 esse
3276 2319 3772 2398 ab-omnibus
3824 2319 3994 2402 alii:

2422 2416 2890 2517 distinguitur
2922 2471 2949 2512 ‚
3020 2416 3197 2517 quia
3247 2418 3440 2496 nihil
3509 2418 3581 2498 ei
3635 2419 3803 2500 addi
3865 2447 3996 2522 po·

2424 2517 2557 2598 test
2584 2538 2628 2594 .“
2671 2520 2886 2598 Unde
2939 2523 3504 2600 Commentator
3555 2521 3634 2598 in
3690 2523 3857 2614 Lib.
3905 2524 3999 2603 de

2426 2618 2648 2699 causis
2699 2618 2728 2717 (
2781 2643 2984 2720 prop.
3050 2645 3155 2700 1x.
3238 2622 3433 2708 circa
3484 2620 3609 2700 fin.
3664 2623 3694 2720 )
3763 2623 4000 2721 dicits

2474 2722 2618 2800 uod
2692 2721 2915 2823 causa,
2982 2721 3224 2820 prima
3291 2747 3381 2801 ex
3452 2720 3604 2822 ipsa
3673 2724 3992 2824 puritate

2460 2847 2566 2903 uae
2647 2821 3000 2903 bonitatis
3076 2825 3171 2901 ab
3257 2823 3422 2903 aliis
3472 2823 3993 2925 distinguitur,
4075 2844 4086 2852 ”
4168 2910 4175 2918 ,

2428 2938 2504 3004 et
2553 2923 3101 3024 quodammodo
3142 2925 3640 3004 individuatur
3661 2983 3680 3003 .
4150 3002 4162 3012 ,

2531 3025 2922 3119 Tertium,
2972 3026 3192 3129 quod·
3240 3049 3363 3104 eos
3417 3025 3500 3105 in>
3547 3027 3742 3106 hunc
3793 3050 3987 3107 erro-
4107 3055 4137 3118 5‘

2427 3150 2606 3214 rem,
2641 3127 2970 3222 induxit,
3025 3126 3125 3202 est
3175 3126 3467 3205 divinae·
3499 3125 4000 3228 simplicitatis.

2423 3225 2904 3310 consideratio
2954 3282 2975 3304 .
3057 3227 3261 3327 Quia
3314 3225 3514 3306 enim
3573 3233 3773 3309 Deus
3826 3224 3990 3307 infi·
4042 3225 4116 3330 ’,ἰὴ

2428 3330 2603 3406 nitae
2659 3325 3144 3425 simplicitatis
3196 3327 3347 3423 est,
3401 3329 3938 3409 aestimaverunt
3968 3328 4064 3442 ,3-

2427 3430 2614 3507 illud
2664 3430 2863 3528 quod
2917 3430 2995 3505 in
3048 3429 3319 3508 ultimo
3373 3431 3831 3508 resolutionis
3884 3421 4080 3536 inc-s

2413 3530 2715 3609 venitur
2798 3553 3054 3607 eorum
3136 3554 3298 3628 quae
3371 3529 3535 3606 sunt
3587 3530 3667 3604 in
3721 3529 3939 3605 nobis
3959 3551 3994 3625 3

2416 3634 2662 3708 Deum
2714 3627 3109 3728 esse‚quas1
3166 3626 3792 3726 simplicissimum:
3818 3631 3984 3716 nott¹
4017 3629 4031 3704 Γ

2419 3730 2622 3807 enim
2675 3728 2773 3805 est
2828 3728 2907 3804 in
2978 3724 3354 3805 infinitum
3435 3728 3824 3826 procedere
3892 3729 4006 3808 in*

2414 3827 2943 3928 compositione
2996 3850 3249 3905 eorum
3301 3852 3462 3927 quae
3514 3828 3677 3906 sunt
3731 3829 3808 3906 in
3840 3849 3971 3909 no-

2416 3928 2528 4007 bis
2569 3985 2589 4006 .
2647 3934 2733 4007 In
2785 3927 2924 4006 hoc
2976 3927 3202 4006 etiam
3255 3952 3509 4007 eorum
3560 3928 3810 4008 deficit
3858 3955 3967 4007 ra·

2415 4029 2527 4109 tio
2561 4085 2587 4126 ‚
2657 4031 2834 4108 dum
2886 4052 3038 4106 non
3107 4031 3568 4107 attenderunt
3642 4031 3715 4108 id
3764 4030 3965 4130 quod

758 4163 917 4218 rem
971 4155 1343 4242 promovit
1372 4191 1398 4232 ‚
1450 4136 1547 4214 est
1600 4134 1901 4213 rationis
1956 4133 2309 4214 defectus.
2411 4129 2492 4216 in
2569 4130 2782 4208 nobis
2866 4128 3471 4231 simplicissimum
3541 4129 3966 4226 invenitur,

760 4231 965 4338 Quia
1016 4240 1217 4316 enirn
1289 4239 1364 4317 id
1439 4239 1637 4339 quod
1704 4257 2100 4314 commune
2164 4235 2310 4333 est,
2410 4257 2566 4310 non
2613 4250 2768 4310 tam
2817 4256 2997 4309 rem·
3028 4231 3472 4330 completam
3496 4284 3522 4327 ‚
3575 4257 3799 4331 quam
3852 4231 3990 4310 rei-

760 4362 891 4441 per
941 4340 1390 4419 additionem
1445 4337 1893 4440 specificatur
1933 4393 1960 4435 ‚
2018 4336 2151 4415 vel
2208 4335 2317 4414 in-

2417 4332 2697 4431 aliquid
2747 4335 2946 4425 esse3
3027 4336 3195 4411 Deo
3244 4351 3490 4412 autem
3546 4332 3968 4433 fimplicitas

758 4440 1175 4520 dividuamr
1209 4495 1236 4536 ‚
1309 4441 1840 4519 aestimaverunt
1878 4494 1904 4535 ,
1975 4437 2313 4519 divinum
2415 4432 2837 4512 attribuitur
2912 4433 3093 4513 ficut
3162 4433 3270 4511 rei
3348 4434 3569 4513 alicui
3644 4432 3970 4536 perfecte

753 4544 947 4638 effe,
996 4542 1117 4620 cui
1170 4541 1374 4619 nulla
1425 4541 1511 4619 fit
1560 4541 1842 4619 additio
1888 4595 1915 4636 ‚
1967 4566 2119 4618 non
2172 4540 2312 4616 esse

754 4641 1061 4757 aliquid
1087 4641 1508 4746 proprium,
1559 4642 1679 4718 sed
1724 4644 1862 4719 esse
1913 4662 2310 4719 commune

2414 4527 2811 4614 subsistenti
2834 4589 2853 4612 .
3295 4573 3301 4581 ·

2517 4637 2884 4735 Quartum
2936 4633 3164 4714 etiam
3234 4637 3432 4736 quod
3499 4661 3624 4716 eos
3651 4636 3765 4715 ad
3821 4636 3962 4714 hoc

756 4763 1150 4839 ommum3
1200 4768 1353 4820 non
1401 4742 1931 4821 considerantes
1980 4743 2177 4841 quod
2228 4742 2306 4819 id
2409 4737 2748 4814 inducere
2800 4736 3083 4837 potuit,
3133 4735 3232 4815 est
3270 4740 3529 4817 modus
3578 4737 3956 4836 loquendi,

812 4847 956 4923 uod
1025 4867 1421 4924 commune
1487 4842 1589 4921 est
1660 4843 1781 4920 vel
1854 4841 2306 4938 universale,
2406 4864 2556 4937 quo
2606 4837 2914 4918 dicimus
2991 4843 3239 4919 Deum
3319 4840 3401 4916 in
3451 4838 3794 4918 omnibus
3847 4860 3959 4914 re-

818 4973 912 5029 ne
961 4943 1332 5036 additione
1407 4947 1549 5030 effe
1602 4969 1755 5025 non
1804 4940 2035 5044 potest
2076 4995 2107 5042 ,
2185 4942 2306 5021 sed
2407 4941 2539 5025 bus
2585 4941 2780 5039 ess'e5
2814 4966 2968 5023 non
3009 4941 3542 5043 intelligentes,
3575 4940 3774 5042 quod
3796 4959 3957 5011 non

3742 5032 3966 5162 ‘sic
