<?xml version="1.0" encoding="UTF-8"?>
<!DOCTYPE html PUBLIC "-//W3C//DTD XHTML 1.0 Transitional//EN"
    "http://www.w3.org/TR/xhtml1/DTD/xhtml1-transitional.dtd">
<html xmlns="http://www.w3.org/1999/xhtml" xml:lang="en" lang="en">
 <head>
  <title>
</title>
<meta http-equiv="Content-Type" content="text/html;charset=utf-8" />
  <meta name='ocr-system' content='tesseract 3.04.00' />
  <meta name='ocr-capabilities' content='ocr_page ocr_carea ocr_par ocr_line ocrx_word'/>
</head>
<body>
  <div class='ocr_page' id='page_1' title='image "./summacontragent00aqugoog_0065.png"; bbox 0 0 4597 5696; ppageno 0'>
   <div class='ocr_carea' id='block_1_1' title="bbox 1264 257 3831 400">
    <p class='ocr_par' dir='ltr' id='par_1_1' title="bbox 1264 257 3831 400">
     <span class='ocr_line' id='line_1_1' title="bbox 1264 257 3831 400; baseline 0.002 -24"><span class='ocrx_word' id='word_1_1' title='bbox 1264 302 1855 379; x_wconf 67' lang='lat' dir='ltr'>eoN‘rRA</span> <span class='ocrx_word' id='word_1_2' title='bbox 1938 257 2685 378; x_wconf 61' lang='lat' dir='ltr'>enisi-&#39;ritas</span> <span class='ocrx_word' id='word_1_3' title='bbox 2769 315 3016 378; x_wconf 64' lang='grc' dir='ltr'>ιιι.</span> <span class='ocrx_word' id='word_1_4' title='bbox 3101 315 3154 380; x_wconf 86' lang='lat'>1.</span> <span class='ocrx_word' id='word_1_5' title='bbox 3759 335 3831 400; x_wconf 81' lang='lat'>25</span> 
     </span>
    </p>
   </div>
   <div class='ocr_carea' id='block_1_2' title="bbox 532 424 3864 4855">
    <p class='ocr_par' dir='ltr' id='par_1_2' title="bbox 532 424 3864 4855">
     <span class='ocr_line' id='line_1_2' title="bbox 621 424 3824 533; baseline -0.002 -16"><span class='ocrx_word' id='word_1_6' title='bbox 621 431 933 518; x_wconf 76' lang='lat' dir='ltr'>ssensum</span> <span class='ocrx_word' id='word_1_7' title='bbox 1027 433 1125 516; x_wconf 88' lang='lat' dir='ltr'>est</span> <span class='ocrx_word' id='word_1_8' title='bbox 1198 436 1226 533; x_wconf 88' lang='lat'>(</span> <span class='ocrx_word' id='word_1_9' title='bbox 1305 458 1460 532; x_wconf 89' lang='lat' dir='ltr'>cap.</span> <span class='ocrx_word' id='word_1_10' title='bbox 1549 454 1770 506; x_wconf 79' lang='grc' dir='ltr'><strong>χιιι.</strong></span> <span class='ocrx_word' id='word_1_11' title='bbox 1853 429 1880 525; x_wconf 95' lang='grc'>)</span> <span class='ocrx_word' id='word_1_12' title='bbox 1951 454 2199 509; x_wconf 49' lang='lat' dir='ltr'>omn&amp;</span> <span class='ocrx_word' id='word_1_13' title='bbox 2282 454 2520 527; x_wconf 89' lang='lat' dir='ltr'>neque</span> <span class='ocrx_word' id='word_1_14' title='bbox 2573 452 2701 528; x_wconf 89' lang='lat' dir='ltr'>per</span> <span class='ocrx_word' id='word_1_15' title='bbox 2754 428 3141 523; x_wconf 75' lang='lat' dir='ltr'>accidens3</span> <span class='ocrx_word' id='word_1_16' title='bbox 3208 428 3384 507; x_wconf 80' lang='lat' dir='ltr'>licut</span> <span class='ocrx_word' id='word_1_17' title='bbox 3421 424 3538 509; x_wconf 67' lang='lat' dir='ltr'>&#39;ex</span> <span class='ocrx_word' id='word_1_18' title='bbox 3591 431 3824 531; x_wconf 85' lang='lat' dir='ltr'>supra-</span> 
     </span>
     <span class='ocr_line' id='line_1_3' title="bbox 628 527 3817 638; baseline -0.002 -20"><span class='ocrx_word' id='word_1_19' title='bbox 628 559 880 619; x_wconf 85' lang='lat' dir='ltr'>autem</span> <span class='ocrx_word' id='word_1_20' title='bbox 929 546 1187 638; x_wconf 85' lang='lat' dir='ltr'>corpus</span> <span class='ocrx_word' id='word_1_21' title='bbox 1238 531 1567 613; x_wconf 88' lang='lat' dir='ltr'>naturale</span> <span class='ocrx_word' id='word_1_22' title='bbox 1637 530 1915 608; x_wconf 82' lang='lat' dir='ltr'>mobile</span> <span class='ocrx_word' id='word_1_23' title='bbox 2001 530 2100 608; x_wconf 90' lang='lat' dir='ltr'>est</span> <span class='ocrx_word' id='word_1_24' title='bbox 2154 588 2172 607; x_wconf 91' lang='lat'>.</span> <span class='ocrx_word' id='word_1_25' title='bbox 2279 528 2491 609; x_wconf 52' lang='lat' dir='ltr'>dietis</span> <span class='ocrx_word' id='word_1_26' title='bbox 2544 531 2570 628; x_wconf 95' lang='lat'>(</span> <span class='ocrx_word' id='word_1_27' title='bbox 2622 555 2776 628; x_wconf 89' lang='lat' dir='ltr'>cap.</span> <span class='ocrx_word' id='word_1_28' title='bbox 2828 550 3048 608; x_wconf 82' lang='lat' dir='ltr'>x11r.</span> <span class='ocrx_word' id='word_1_29' title='bbox 3104 527 3138 624; x_wconf 83' lang='lat'>)</span> <span class='ocrx_word' id='word_1_30' title='bbox 3202 548 3403 629; x_wconf 88' lang='lat' dir='ltr'>patet</span> <span class='ocrx_word' id='word_1_31' title='bbox 3451 588 3467 606; x_wconf 90' lang='lat'>.</span> <span class='ocrx_word' id='word_1_32' title='bbox 3538 537 3817 631; x_wconf 86' lang='lat' dir='ltr'>Corpus</span> 
     </span>
     <span class='ocr_line' id='line_1_4' title="bbox 631 630 3822 740; baseline -0.003 -19"><span class='ocrx_word' id='word_1_33' title='bbox 631 645 834 722; x_wconf 83' lang='lat' dir='ltr'>Deus</span> <span class='ocrx_word' id='word_1_34' title='bbox 907 642 1134 740; x_wconf 90' lang='lat' dir='ltr'>igitur</span> <span class='ocrx_word' id='word_1_35' title='bbox 1212 663 1365 715; x_wconf 86' lang='lat' dir='ltr'>non</span> <span class='ocrx_word' id='word_1_36' title='bbox 1439 634 1537 710; x_wconf 87' lang='lat' dir='ltr'>est</span> <span class='ocrx_word' id='word_1_37' title='bbox 1591 655 1846 729; x_wconf 84' lang='lat' dir='ltr'>corpus</span> <span class='ocrx_word' id='word_1_38' title='bbox 1898 689 1916 707; x_wconf 91' lang='lat'>.</span> <span class='ocrx_word' id='word_1_39' title='bbox 2276 650 2524 710; x_wconf 91' lang='lat' dir='ltr'>autem</span> <span class='ocrx_word' id='word_1_40' title='bbox 2574 631 2730 709; x_wconf 85' lang='lat' dir='ltr'>caeli</span> <span class='ocrx_word' id='word_1_41' title='bbox 2784 647 3125 709; x_wconf 88' lang='lat' dir='ltr'>movetur</span> <span class='ocrx_word' id='word_1_42' title='bbox 3174 630 3618 710; x_wconf 83' lang='lat' dir='ltr'>circulariter</span> <span class='ocrx_word' id='word_1_43' title='bbox 3669 659 3822 711; x_wconf 89' lang='lat' dir='ltr'>mo-</span> 
     </span>
     <span class='ocr_line' id='line_1_5' title="bbox 729 732 3824 840; baseline -0.004 -20"><span class='ocrx_word' id='word_1_44' title='bbox 729 772 801 840; x_wconf 89' lang='lat'>4.</span> <span class='ocrx_word' id='word_1_45' title='bbox 888 738 1250 840; x_wconf 64' lang='lat' dir='ltr'>“Amplius</span> <span class='ocrx_word' id='word_1_46' title='bbox 1297 795 1315 813; x_wconf 89' lang='lat'>.</span> <span class='ocrx_word' id='word_1_47' title='bbox 1400 737 1649 812; x_wconf 82' lang='lat' dir='ltr'>Omne</span> <span class='ocrx_word' id='word_1_48' title='bbox 1682 758 1960 831; x_wconf 67' lang='lat' dir='ltr'>eorpus</span> <span class='ocrx_word' id='word_1_49' title='bbox 2010 732 2172 811; x_wconf 79' lang='lat' dir='ltr'>fini·</span> <span class='ocrx_word' id='word_1_50' title='bbox 2284 750 2366 812; x_wconf 91' lang='lat' dir='ltr'>tu</span> <span class='ocrx_word' id='word_1_51' title='bbox 2421 733 2896 831; x_wconf 87' lang='lat' dir='ltr'>sempiterno.</span> <span class='ocrx_word' id='word_1_52' title='bbox 2953 737 3156 830; x_wconf 86' lang='lat' dir='ltr'>Ergo</span> <span class='ocrx_word' id='word_1_53' title='bbox 3233 735 3507 831; x_wconf 88' lang='lat' dir='ltr'>primus</span> <span class='ocrx_word' id='word_1_54' title='bbox 3580 753 3824 811; x_wconf 92' lang='lat' dir='ltr'>motor</span> 
     </span>
     <span class='ocr_line' id='line_1_6' title="bbox 632 834 3826 937; baseline -0.004 -13"><span class='ocrx_word' id='word_1_55' title='bbox 632 855 797 924; x_wconf 75' lang='lat' dir='ltr'>rum</span> <span class='ocrx_word' id='word_1_56' title='bbox 848 841 944 919; x_wconf 90' lang='lat' dir='ltr'>est</span> <span class='ocrx_word' id='word_1_57' title='bbox 980 896 1005 935; x_wconf 86' lang='lat'>‚</span> <span class='ocrx_word' id='word_1_58' title='bbox 1059 840 1258 937; x_wconf 92' lang='lat' dir='ltr'>quod</span> <span class='ocrx_word' id='word_1_59' title='bbox 1311 856 1463 915; x_wconf 86' lang='lat' dir='ltr'>tam</span> <span class='ocrx_word' id='word_1_60' title='bbox 1515 835 1604 911; x_wconf 92' lang='lat' dir='ltr'>de</span> <span class='ocrx_word' id='word_1_61' title='bbox 1671 859 1971 932; x_wconf 88' lang='lat' dir='ltr'>corpore</span> <span class='ocrx_word' id='word_1_62' title='bbox 2045 836 2179 912; x_wconf 85' lang='lat' dir='ltr'>cir·</span> <span class='ocrx_word' id='word_1_63' title='bbox 2283 834 2435 927; x_wconf 78' lang='lat' dir='ltr'>ejus</span> <span class='ocrx_word' id='word_1_64' title='bbox 2486 860 2637 911; x_wconf 90' lang='lat' dir='ltr'>non</span> <span class='ocrx_word' id='word_1_65' title='bbox 2689 852 3027 911; x_wconf 87' lang='lat' dir='ltr'>movetur</span> <span class='ocrx_word' id='word_1_66' title='bbox 3078 857 3311 931; x_wconf 87' lang='lat' dir='ltr'>neque</span> <span class='ocrx_word' id='word_1_67' title='bbox 3366 861 3492 933; x_wconf 90' lang='lat' dir='ltr'>per</span> <span class='ocrx_word' id='word_1_68' title='bbox 3547 836 3615 913; x_wconf 91' lang='lat' dir='ltr'>se</span> <span class='ocrx_word' id='word_1_69' title='bbox 3647 891 3669 927; x_wconf 83' lang='lat'>,</span> <span class='ocrx_word' id='word_1_70' title='bbox 3702 854 3826 911; x_wconf 79' lang='lat' dir='ltr'>ne··</span> 
     </span>
     <span class='ocr_line' id='line_1_7' title="bbox 633 934 3855 1040; baseline -0.003 -17"><span class='ocrx_word' id='word_1_71' title='bbox 633 942 905 1037; x_wconf 67' lang='lat' dir='ltr'>cultui,</span> <span class='ocrx_word' id='word_1_72' title='bbox 957 964 1181 1040; x_wconf 87' lang='lat' dir='ltr'>quam</span> <span class='ocrx_word' id='word_1_73' title='bbox 1233 942 1320 1017; x_wconf 91' lang='lat' dir='ltr'>de</span> <span class='ocrx_word' id='word_1_74' title='bbox 1371 935 1572 1014; x_wconf 54' lang='lat' dir='ltr'>reeio</span> <span class='ocrx_word' id='word_1_75' title='bbox 1624 936 1968 1034; x_wconf 87' lang='lat' dir='ltr'>probatur</span> <span class='ocrx_word' id='word_1_76' title='bbox 1994 936 2071 1012; x_wconf 92' lang='lat' dir='ltr'>in</span> <span class='ocrx_word' id='word_1_77' title='bbox 2115 939 2171 1012; x_wconf 91' lang='grc' dir='ltr'>Ι.</span> <span class='ocrx_word' id='word_1_78' title='bbox 2273 961 2416 1035; x_wconf 88' lang='lat' dir='ltr'>que</span> <span class='ocrx_word' id='word_1_79' title='bbox 2493 960 2631 1034; x_wconf 82' lang='lat' dir='ltr'>per</span> <span class='ocrx_word' id='word_1_80' title='bbox 2714 934 3041 1012; x_wconf 86' lang='lat' dir='ltr'>accidens</span> <span class='ocrx_word' id='word_1_81' title='bbox 3081 987 3099 1007; x_wconf 91' lang='lat'>.</span> <span class='ocrx_word' id='word_1_82' title='bbox 3178 936 3492 1014; x_wconf 88' lang='lat' dir='ltr'>Nullum</span> <span class='ocrx_word' id='word_1_83' title='bbox 3564 955 3855 1015; x_wconf 76' lang='lat' dir='ltr'>autem&#39;</span> 
     </span>
     <span class='ocr_line' id='line_1_8' title="bbox 636 1035 3849 1136; baseline -0.001 -17"><span class='ocrx_word' id='word_1_84' title='bbox 636 1042 787 1124; x_wconf 85' lang='lat' dir='ltr'>cael.</span> <span class='ocrx_word' id='word_1_85' title='bbox 839 1043 912 1119; x_wconf 90' lang='grc'>8(</span> <span class='ocrx_word' id='word_1_86' title='bbox 964 1042 1212 1118; x_wconf 90' lang='lat' dir='ltr'>mund.</span> <span class='ocrx_word' id='word_1_87' title='bbox 1264 1040 1290 1136; x_wconf 95' lang='lat'><strong>(</strong></span> <span class='ocrx_word' id='word_1_88' title='bbox 1344 1066 1386 1115; x_wconf 89' lang='lat' dir='ltr'>a</span> <span class='ocrx_word' id='word_1_89' title='bbox 1438 1050 1613 1115; x_wconf 83' lang='lat' dir='ltr'>text.</span> <span class='ocrx_word' id='word_1_90' title='bbox 1650 1054 1923 1113; x_wconf 87' lang='lat' dir='ltr'>comm.</span> <span class='ocrx_word' id='word_1_91' title='bbox 1958 1063 2171 1114; x_wconf 76' lang='lat' dir='ltr'>xxxv·</span> <span class='ocrx_word' id='word_1_92' title='bbox 2278 1061 2537 1135; x_wconf 86' lang='lat' dir='ltr'>corpus</span> <span class='ocrx_word' id='word_1_93' title='bbox 2589 1054 2843 1121; x_wconf 77' lang='lat' dir='ltr'>movet</span> <span class='ocrx_word' id='word_1_94' title='bbox 2895 1035 3222 1113; x_wconf 83' lang='lat' dir='ltr'>localiter</span> <span class='ocrx_word' id='word_1_95' title='bbox 3258 1089 3283 1127; x_wconf 82' lang='lat'>,</span> <span class='ocrx_word' id='word_1_96' title='bbox 3336 1038 3465 1113; x_wconf 85' lang='lat' dir='ltr'>nili</span> <span class='ocrx_word' id='word_1_97' title='bbox 3523 1055 3849 1115; x_wconf 84' lang='lat' dir='ltr'>movea·&#39;</span> 
     </span>
     <span class='ocr_line' id='line_1_9' title="bbox 635 1136 3825 1242; baseline -0.002 -21"><span class='ocrx_word' id='word_1_98' title='bbox 635 1146 859 1242; x_wconf 89' lang='lat' dir='ltr'>usque</span> <span class='ocrx_word' id='word_1_99' title='bbox 930 1143 1020 1219; x_wconf 93' lang='lat' dir='ltr'>ad</span> <span class='ocrx_word' id='word_1_100' title='bbox 1086 1142 1277 1221; x_wconf 87' lang='lat' dir='ltr'>lxxv.</span> <span class='ocrx_word' id='word_1_101' title='bbox 1348 1136 1741 1217; x_wconf 86' lang='lat' dir='ltr'>inclusive.</span> <span class='ocrx_word' id='word_1_102' title='bbox 1797 1138 1822 1233; x_wconf 95' lang='lat'><strong>)</strong></span> <span class='ocrx_word' id='word_1_103' title='bbox 1877 1136 2182 1237; x_wconf 79' lang='lat' dir='ltr'>Quodli-</span> <span class='ocrx_word' id='word_1_104' title='bbox 2283 1156 2448 1232; x_wconf 84' lang='lat' dir='ltr'>tur,</span> <span class='ocrx_word' id='word_1_105' title='bbox 2501 1162 2592 1214; x_wconf 88' lang='lat' dir='ltr'>eo</span> <span class='ocrx_word' id='word_1_106' title='bbox 2643 1139 2837 1237; x_wconf 93' lang='lat' dir='ltr'>quod</span> <span class='ocrx_word' id='word_1_107' title='bbox 2888 1154 3175 1235; x_wconf 86' lang='lat' dir='ltr'>oportet</span> <span class='ocrx_word' id='word_1_108' title='bbox 3211 1140 3630 1230; x_wconf 85' lang='lat' dir='ltr'>motum‚&amp;</span> <span class='ocrx_word' id='word_1_109' title='bbox 3669 1164 3825 1215; x_wconf 88' lang='lat' dir='ltr'>mo-</span> 
     </span>
     <span class='ocr_line' id='line_1_10' title="bbox 638 1236 3827 1341; baseline -0.003 -17"><span class='ocrx_word' id='word_1_110' title='bbox 638 1246 765 1324; x_wconf 86' lang='lat' dir='ltr'>bet</span> <span class='ocrx_word' id='word_1_111' title='bbox 816 1260 1061 1322; x_wconf 88' lang='lat' dir='ltr'>autem</span> <span class='ocrx_word' id='word_1_112' title='bbox 1112 1267 1368 1341; x_wconf 77' lang='lat' dir='ltr'>eorpus</span> <span class='ocrx_word' id='word_1_113' title='bbox 1410 1239 1706 1316; x_wconf 87' lang='lat' dir='ltr'>finitum</span> <span class='ocrx_word' id='word_1_114' title='bbox 1759 1238 2183 1333; x_wconf 67' lang='lat' dir='ltr'>intelle&amp;u‚</span> <span class='ocrx_word' id='word_1_115' title='bbox 2281 1263 2460 1316; x_wconf 86' lang='lat' dir='ltr'>vens</span> <span class='ocrx_word' id='word_1_116' title='bbox 2512 1239 2650 1313; x_wconf 82' lang='lat' dir='ltr'>effe</span> <span class='ocrx_word' id='word_1_117' title='bbox 2705 1237 2914 1314; x_wconf 82' lang='lat' dir='ltr'>simul</span> <span class='ocrx_word' id='word_1_118' title='bbox 2965 1267 2988 1327; x_wconf 72' lang='grc' dir='ltr'><strong>ς</strong></span> <span class='ocrx_word' id='word_1_119' title='bbox 3041 1239 3113 1313; x_wconf 90' lang='grc'>8(</span> <span class='ocrx_word' id='word_1_120' title='bbox 3185 1236 3276 1314; x_wconf 86' lang='lat' dir='ltr'>fic</span> <span class='ocrx_word' id='word_1_121' title='bbox 3344 1264 3600 1337; x_wconf 87' lang='lat' dir='ltr'>corpus</span> <span class='ocrx_word' id='word_1_122' title='bbox 3671 1264 3827 1315; x_wconf 88' lang='lat' dir='ltr'>mo·</span> 
     </span>
     <span class='ocr_line' id='line_1_11' title="bbox 640 1339 3827 1442; baseline -0.002 -19"><span class='ocrx_word' id='word_1_123' title='bbox 640 1347 714 1423; x_wconf 85' lang='lat'>&amp;</span> <span class='ocrx_word' id='word_1_124' title='bbox 789 1343 1311 1442; x_wconf 85' lang='lat' dir='ltr'>imaginatione</span> <span class='ocrx_word' id='word_1_125' title='bbox 1384 1340 1883 1418; x_wconf 88' lang='lat' dir='ltr'>transcendere</span> <span class='ocrx_word' id='word_1_126' title='bbox 1951 1345 2176 1439; x_wconf 79' lang='lat' dir='ltr'>poss&#39;u·</span> <span class='ocrx_word' id='word_1_127' title='bbox 2277 1364 2457 1417; x_wconf 89' lang='lat' dir='ltr'>vens</span> <span class='ocrx_word' id='word_1_128' title='bbox 2528 1339 2811 1416; x_wconf 86' lang='lat' dir='ltr'>moveri</span> <span class='ocrx_word' id='word_1_129' title='bbox 2879 1353 3227 1437; x_wconf 85' lang='lat' dir='ltr'>oportet,</span> <span class='ocrx_word' id='word_1_130' title='bbox 3299 1340 3388 1415; x_wconf 91' lang='lat' dir='ltr'>ad</span> <span class='ocrx_word' id='word_1_131' title='bbox 3443 1343 3579 1416; x_wconf 85' lang='lat' dir='ltr'>hoc</span> <span class='ocrx_word' id='word_1_132' title='bbox 3629 1339 3827 1438; x_wconf 92' lang='lat' dir='ltr'>quod</span> 
     </span>
     <span class='ocr_line' id='line_1_12' title="bbox 643 1439 3821 1543; baseline -0.003 -19"><span class='ocrx_word' id='word_1_133' title='bbox 643 1471 841 1524; x_wconf 87' lang='lat' dir='ltr'>mus.</span> <span class='ocrx_word' id='word_1_134' title='bbox 895 1446 972 1524; x_wconf 89' lang='lat' dir='ltr'>Si</span> <span class='ocrx_word' id='word_1_135' title='bbox 1026 1445 1250 1543; x_wconf 86' lang='lat' dir='ltr'>igitur</span> <span class='ocrx_word' id='word_1_136' title='bbox 1304 1447 1504 1520; x_wconf 87' lang='lat' dir='ltr'>Deus</span> <span class='ocrx_word' id='word_1_137' title='bbox 1532 1439 1632 1516; x_wconf 90' lang='lat' dir='ltr'>est</span> <span class='ocrx_word' id='word_1_138' title='bbox 1661 1442 2175 1539; x_wconf 87' lang='lat' dir='ltr'>corpus,intel-</span> <span class='ocrx_word' id='word_1_139' title='bbox 2281 1441 2367 1519; x_wconf 88' lang='lat' dir='ltr'>fit</span> <span class='ocrx_word' id='word_1_140' title='bbox 2421 1440 2626 1517; x_wconf 89' lang='lat' dir='ltr'>simul</span> <span class='ocrx_word' id='word_1_141' title='bbox 2679 1465 2849 1519; x_wconf 89' lang='lat' dir='ltr'>cum</span> <span class='ocrx_word' id='word_1_142' title='bbox 2901 1463 3200 1537; x_wconf 90' lang='lat' dir='ltr'>corpore</span> <span class='ocrx_word' id='word_1_143' title='bbox 3254 1459 3508 1518; x_wconf 92' lang='lat' dir='ltr'>moto.</span> <span class='ocrx_word' id='word_1_144' title='bbox 3587 1441 3821 1519; x_wconf 90' lang='lat' dir='ltr'>Nulla</span> 
     </span>
     <span class='ocr_line' id='line_1_13' title="bbox 641 1540 3829 1641; baseline -0.002 -18"><span class='ocrx_word' id='word_1_145' title='bbox 641 1545 867 1624; x_wconf 56' lang='lat' dir='ltr'>letius</span> <span class='ocrx_word' id='word_1_146' title='bbox 905 1601 930 1640; x_wconf 86' lang='lat'>‚</span> <span class='ocrx_word' id='word_1_147' title='bbox 980 1546 1053 1621; x_wconf 90' lang='grc'>8(</span> <span class='ocrx_word' id='word_1_148' title='bbox 1107 1542 1541 1641; x_wconf 85' lang='lat' dir='ltr'>imaginatio</span> <span class='ocrx_word' id='word_1_149' title='bbox 1590 1540 1831 1617; x_wconf 83' lang='lat' dir='ltr'>nostra</span> <span class='ocrx_word' id='word_1_150' title='bbox 1897 1544 2178 1641; x_wconf 91' lang='lat' dir='ltr'>aliquid</span> <span class='ocrx_word' id='word_1_151' title='bbox 2280 1543 2509 1619; x_wconf 91' lang='lat' dir='ltr'>etiam</span> <span class='ocrx_word' id='word_1_152' title='bbox 2559 1541 2789 1618; x_wconf 88' lang='lat' dir='ltr'>virtus</span> <span class='ocrx_word' id='word_1_153' title='bbox 2844 1541 2922 1617; x_wconf 91' lang='lat' dir='ltr'>in</span> <span class='ocrx_word' id='word_1_154' title='bbox 2973 1565 3273 1637; x_wconf 88' lang='lat' dir='ltr'>corpore</span> <span class='ocrx_word' id='word_1_155' title='bbox 3311 1552 3580 1619; x_wconf 67' lang='lat' dir='ltr'>‘movet</span> <span class='ocrx_word' id='word_1_156' title='bbox 3615 1597 3638 1634; x_wconf 90' lang='lat'><strong>‚</strong></span> <span class='ocrx_word' id='word_1_157' title='bbox 3692 1541 3829 1618; x_wconf 88' lang='lat' dir='ltr'>nili</span> 
     </span>
     <span class='ocr_line' id='line_1_14' title="bbox 646 1640 3831 1742; baseline -0.002 -17"><span class='ocrx_word' id='word_1_158' title='bbox 646 1646 878 1741; x_wconf 67' lang='lat' dir='ltr'>maius</span> <span class='ocrx_word' id='word_1_159' title='bbox 933 1650 1098 1722; x_wconf 91' lang='lat' dir='ltr'>Deo</span> <span class='ocrx_word' id='word_1_160' title='bbox 1149 1645 1470 1742; x_wconf 84' lang='lat' dir='ltr'>cogitare</span> <span class='ocrx_word' id='word_1_161' title='bbox 1527 1642 1810 1739; x_wconf 84' lang='lat' dir='ltr'>possunt</span> <span class='ocrx_word' id='word_1_162' title='bbox 1860 1696 1886 1735; x_wconf 84' lang='lat'><strong>‚</strong></span> <span class='ocrx_word' id='word_1_163' title='bbox 1956 1645 2029 1718; x_wconf 80' lang='grc'>8(</span> <span class='ocrx_word' id='word_1_164' title='bbox 2085 1643 2177 1721; x_wconf 80' lang='lat' dir='ltr'>sic</span> <span class='ocrx_word' id='word_1_165' title='bbox 2278 1667 2407 1742; x_wconf 91' lang='lat' dir='ltr'>per</span> <span class='ocrx_word' id='word_1_166' title='bbox 2476 1643 2803 1738; x_wconf 68' lang='lat' dir='ltr'>accidens</span> <span class='ocrx_word' id='word_1_167' title='bbox 2873 1659 3309 1727; x_wconf 72' lang='lat' dir='ltr'>moveatur3</span> <span class='ocrx_word' id='word_1_168' title='bbox 3379 1644 3549 1738; x_wconf 92' lang='lat' dir='ltr'>quia</span> <span class='ocrx_word' id='word_1_169' title='bbox 3618 1640 3831 1719; x_wconf 85' lang='lat' dir='ltr'>moto</span> 
     </span>
     <span class='ocr_line' id='line_1_15' title="bbox 645 1740 3820 1839; baseline -0.002 -15"><span class='ocrx_word' id='word_1_170' title='bbox 645 1753 847 1827; x_wconf 88' lang='lat' dir='ltr'>Deus</span> <span class='ocrx_word' id='word_1_171' title='bbox 900 1772 1051 1822; x_wconf 89' lang='lat' dir='ltr'>non</span> <span class='ocrx_word' id='word_1_172' title='bbox 1103 1745 1199 1820; x_wconf 86' lang='lat' dir='ltr'>est</span> <span class='ocrx_word' id='word_1_173' title='bbox 1253 1742 1486 1838; x_wconf 76' lang='lat' dir='ltr'>major</span> <span class='ocrx_word' id='word_1_174' title='bbox 1512 1740 1894 1818; x_wconf 64' lang='lat' dir='ltr'>intellee&#39;tu</span> <span class='ocrx_word' id='word_1_175' title='bbox 1920 1741 2187 1835; x_wconf 76' lang='lat' dir='ltr'>nostr03</span> <span class='ocrx_word' id='word_1_176' title='bbox 2286 1766 2587 1839; x_wconf 89' lang='lat' dir='ltr'>corpore</span> <span class='ocrx_word' id='word_1_177' title='bbox 2640 1742 2979 1823; x_wconf 70' lang='lat' dir='ltr'>mdvetur</span> <span class='ocrx_word' id='word_1_178' title='bbox 3030 1764 3156 1838; x_wconf 91' lang='lat' dir='ltr'>per</span> <span class='ocrx_word' id='word_1_179' title='bbox 3205 1740 3533 1818; x_wconf 87' lang='lat' dir='ltr'>accidens</span> <span class='ocrx_word' id='word_1_180' title='bbox 3584 1741 3820 1817; x_wconf 84' lang='lat' dir='ltr'>virtus</span> 
     </span>
     <span class='ocr_line' id='line_1_16' title="bbox 644 1840 3852 1949; baseline -0.003 -23"><span class='ocrx_word' id='word_1_181' title='bbox 644 1850 844 1949; x_wconf 87' lang='lat' dir='ltr'>quod</span> <span class='ocrx_word' id='word_1_182' title='bbox 895 1846 990 1923; x_wconf 87' lang='lat' dir='ltr'>est</span> <span class='ocrx_word' id='word_1_183' title='bbox 1046 1842 1565 1923; x_wconf 84' lang='lat' dir='ltr'>inconveniens</span> <span class='ocrx_word' id='word_1_184' title='bbox 1608 1896 1627 1915; x_wconf 89' lang='lat'>.</span> <span class='ocrx_word' id='word_1_185' title='bbox 1684 1845 1866 1919; x_wconf 90' lang='lat' dir='ltr'>Non</span> <span class='ocrx_word' id='word_1_186' title='bbox 1918 1841 2014 1918; x_wconf 89' lang='lat' dir='ltr'>est</span> <span class='ocrx_word' id='word_1_187' title='bbox 2055 1842 2186 1940; x_wconf 87' lang='lat' dir='ltr'>igi·</span> <span class='ocrx_word' id='word_1_188' title='bbox 2287 1841 2610 1939; x_wconf 87' lang='lat' dir='ltr'>corporis</span> <span class='ocrx_word' id='word_1_189' title='bbox 2645 1897 2663 1916; x_wconf 90' lang='lat'>.</span> <span class='ocrx_word' id='word_1_190' title='bbox 2746 1840 3277 1939; x_wconf 83' lang='lat' dir='ltr'>Ergo.primus</span> <span class='ocrx_word' id='word_1_191' title='bbox 3361 1846 3604 1918; x_wconf 85' lang='lat' dir='ltr'>motor</span> <span class='ocrx_word' id='word_1_192' title='bbox 3671 1840 3852 1917; x_wconf 76' lang='lat' dir='ltr'>coeli·</span> 
     </span>
     <span class='ocr_line' id='line_1_17' title="bbox 644 1940 3838 2046; baseline -0.004 -17"><span class='ocrx_word' id='word_1_193' title='bbox 644 1966 765 2029; x_wconf 78' lang='lat' dir='ltr'>tur</span> <span class='ocrx_word' id='word_1_194' title='bbox 814 1972 1075 2046; x_wconf 87' lang='lat' dir='ltr'>corpus</span> <span class='ocrx_word' id='word_1_195' title='bbox 1104 2004 1124 2023; x_wconf 95' lang='lat'>.</span> <span class='ocrx_word' id='word_1_196' title='bbox 1322 2000 1327 2005; x_wconf 87' lang='lat'>-</span> <span class='ocrx_word' id='word_1_197' title='bbox 2294 1968 2447 2019; x_wconf 87' lang='lat' dir='ltr'>non</span> <span class='ocrx_word' id='word_1_198' title='bbox 2503 1940 2601 2017; x_wconf 89' lang='lat' dir='ltr'>est</span> <span class='ocrx_word' id='word_1_199' title='bbox 2651 1965 2907 2040; x_wconf 87' lang='lat' dir='ltr'>corpus</span> <span class='ocrx_word' id='word_1_200' title='bbox 2935 2000 2961 2037; x_wconf 85' lang='lat'>,</span> <span class='ocrx_word' id='word_1_201' title='bbox 3012 1964 3247 2040; x_wconf 90' lang='lat' dir='ltr'>neque</span> <span class='ocrx_word' id='word_1_202' title='bbox 3275 1941 3526 2043; x_wconf 69' lang='lat' dir='ltr'>⁸virtus</span> <span class='ocrx_word' id='word_1_203' title='bbox 3570 1942 3649 2017; x_wconf 90' lang='lat' dir='ltr'>in</span> <span class='ocrx_word' id='word_1_204' title='bbox 3678 1964 3838 2018; x_wconf 78' lang='lat' dir='ltr'>cor-</span> 
     </span>
     <span class='ocr_line' id='line_1_18' title="bbox 768 2040 3854 2144; baseline -0.002 -21"><span class='ocrx_word' id='word_1_205' title='bbox 768 2075 827 2144; x_wconf 82' lang='grc' dir='ltr'>ς.</span> <span class='ocrx_word' id='word_1_206' title='bbox 886 2047 1170 2125; x_wconf 84' lang='lat' dir='ltr'>Adhuc.</span> <span class='ocrx_word' id='word_1_207' title='bbox 1194 2042 1547 2141; x_wconf 90' lang='lat' dir='ltr'>Cognitio</span> <span class='ocrx_word' id='word_1_208' title='bbox 1567 2041 2012 2120; x_wconf 73' lang='lat' dir='ltr'>intellefflva</span> <span class='ocrx_word' id='word_1_209' title='bbox 2048 2067 2193 2120; x_wconf 86' lang='lat' dir='ltr'>cer·</span> <span class='ocrx_word' id='word_1_210' title='bbox 2294 2066 2512 2141; x_wconf 90' lang='lat' dir='ltr'>pore.</span> <span class='ocrx_word' id='word_1_211' title='bbox 2587 2044 2753 2120; x_wconf 89' lang='lat' dir='ltr'>Hoc</span> <span class='ocrx_word' id='word_1_212' title='bbox 2821 2057 3069 2117; x_wconf 88' lang='lat' dir='ltr'>autem</span> <span class='ocrx_word' id='word_1_213' title='bbox 3139 2045 3229 2119; x_wconf 89' lang='lat' dir='ltr'>ad</span> <span class='ocrx_word' id='word_1_214' title='bbox 3296 2043 3491 2138; x_wconf 86' lang='lat' dir='ltr'>quod</span> <span class='ocrx_word' id='word_1_215' title='bbox 3559 2040 3690 2119; x_wconf 90' lang='lat' dir='ltr'>ulti</span> <span class='ocrx_word' id='word_1_216' title='bbox 3707 2046 3854 2118; x_wconf 86' lang='lat' dir='ltr'>mo·</span> 
     </span>
     <span class='ocr_line' id='line_1_19' title="bbox 649 2136 3838 2244; baseline -0.002 -18"><span class='ocrx_word' id='word_1_217' title='bbox 649 2150 797 2227; x_wconf 87' lang='lat' dir='ltr'>tior</span> <span class='ocrx_word' id='word_1_218' title='bbox 877 2145 974 2223; x_wconf 89' lang='lat' dir='ltr'>est</span> <span class='ocrx_word' id='word_1_219' title='bbox 1063 2167 1285 2244; x_wconf 90' lang='lat' dir='ltr'>quam</span> <span class='ocrx_word' id='word_1_220' title='bbox 1356 2142 1683 2219; x_wconf 76' lang='lat' dir='ltr'>sensitiva</span> <span class='ocrx_word' id='word_1_221' title='bbox 1724 2199 1740 2217; x_wconf 90' lang='lat'>.</span> <span class='ocrx_word' id='word_1_222' title='bbox 1815 2145 2193 2221; x_wconf 87' lang='lat' dir='ltr'>Invenitur</span> <span class='ocrx_word' id='word_1_223' title='bbox 2291 2141 2653 2219; x_wconf 87' lang='lat' dir='ltr'>reducitur</span> <span class='ocrx_word' id='word_1_224' title='bbox 2721 2154 2964 2219; x_wconf 83' lang='lat' dir='ltr'>motus</span> <span class='ocrx_word' id='word_1_225' title='bbox 3031 2141 3188 2219; x_wconf 85' lang='lat' dir='ltr'>caeli</span> <span class='ocrx_word' id='word_1_226' title='bbox 3218 2136 3234 2150; x_wconf 81' lang='grc'><strong>“</strong></span> <span class='ocrx_word' id='word_1_227' title='bbox 3268 2140 3446 2219; x_wconf 86' lang='lat' dir='ltr'>ficut</span> <span class='ocrx_word' id='word_1_228' title='bbox 3529 2145 3620 2220; x_wconf 89' lang='lat' dir='ltr'>ad</span> <span class='ocrx_word' id='word_1_229' title='bbox 3694 2142 3838 2240; x_wconf 88' lang='lat' dir='ltr'>pri-</span> 
     </span>
     <span class='ocr_line' id='line_1_20' title="bbox 649 2241 3833 2343; baseline -0.002 -17"><span class='ocrx_word' id='word_1_230' title='bbox 649 2266 900 2326; x_wconf 84' lang='lat' dir='ltr'>autem</span> <span class='ocrx_word' id='word_1_231' title='bbox 977 2243 1278 2343; x_wconf 82' lang='lat' dir='ltr'>aliquod</span> <span class='ocrx_word' id='word_1_232' title='bbox 1347 2241 1716 2337; x_wconf 66' lang='lat' dir='ltr'>objefflum</span> <span class='ocrx_word' id='word_1_233' title='bbox 1810 2243 2045 2320; x_wconf 86' lang='lat' dir='ltr'>sensus</span> <span class='ocrx_word' id='word_1_234' title='bbox 2115 2244 2193 2320; x_wconf 90' lang='lat' dir='ltr'>in</span> <span class='ocrx_word' id='word_1_235' title='bbox 2289 2266 2500 2317; x_wconf 91' lang='lat' dir='ltr'>mum</span> <span class='ocrx_word' id='word_1_236' title='bbox 2552 2266 2855 2320; x_wconf 87' lang='lat' dir='ltr'>movens</span> <span class='ocrx_word' id='word_1_237' title='bbox 2908 2242 3294 2320; x_wconf 86' lang='lat' dir='ltr'>immobile</span> <span class='ocrx_word' id='word_1_238' title='bbox 3325 2297 3351 2336; x_wconf 86' lang='lat'>‚</span> <span class='ocrx_word' id='word_1_239' title='bbox 3421 2241 3519 2320; x_wconf 90' lang='lat' dir='ltr'>est</span> <span class='ocrx_word' id='word_1_240' title='bbox 3591 2247 3833 2321; x_wconf 88' lang='lat' dir='ltr'>Deus.</span> 
     </span>
     <span class='ocr_line' id='line_1_21' title="bbox 648 2342 3851 2444; baseline -0.002 -17"><span class='ocrx_word' id='word_1_241' title='bbox 648 2373 894 2427; x_wconf 88' lang='lat' dir='ltr'>rerum</span> <span class='ocrx_word' id='word_1_242' title='bbox 948 2364 1201 2423; x_wconf 89' lang='lat' dir='ltr'>natura</span> <span class='ocrx_word' id='word_1_243' title='bbox 1233 2398 1251 2417; x_wconf 88' lang='lat'>.</span> <span class='ocrx_word' id='word_1_244' title='bbox 1337 2346 1541 2441; x_wconf 91' lang='lat' dir='ltr'>Ergo</span> <span class='ocrx_word' id='word_1_245' title='bbox 1588 2343 1660 2419; x_wconf 89' lang='grc'>8(</span> <span class='ocrx_word' id='word_1_246' title='bbox 1714 2342 2122 2421; x_wconf 66' lang='lat' dir='ltr'>intellefflus</span> <span class='ocrx_word' id='word_1_247' title='bbox 2174 2400 2200 2420; x_wconf 77' lang='lat'>.</span> <span class='ocrx_word' id='word_1_248' title='bbox 2300 2346 2501 2419; x_wconf 87' lang='lat' dir='ltr'>Deus</span> <span class='ocrx_word' id='word_1_249' title='bbox 2555 2343 2779 2441; x_wconf 90' lang='lat' dir='ltr'>igitur</span> <span class='ocrx_word' id='word_1_250' title='bbox 2829 2369 2980 2420; x_wconf 89' lang='lat' dir='ltr'>non</span> <span class='ocrx_word' id='word_1_251' title='bbox 3031 2342 3129 2420; x_wconf 94' lang='lat' dir='ltr'>est</span> <span class='ocrx_word' id='word_1_252' title='bbox 3180 2368 3476 2444; x_wconf 89' lang='lat' dir='ltr'>corpus.</span> <span class='ocrx_word' id='word_1_253' title='bbox 3844 2386 3851 2401; x_wconf 46' lang='grc' dir='ltr'>ε</span> 
     </span>
     <span class='ocr_line' id='line_1_22' title="bbox 630 2442 3839 2543; baseline 0 -20"><span class='ocrx_word' id='word_1_254' title='bbox 630 2451 797 2529; x_wconf 81' lang='lat' dir='ltr'>Sed</span> <span class='ocrx_word' id='word_1_255' title='bbox 875 2448 1266 2525; x_wconf 89' lang='lat' dir='ltr'>secundum</span> <span class='ocrx_word' id='word_1_256' title='bbox 1336 2445 1670 2520; x_wconf 88' lang='lat' dir='ltr'>ordinem</span> <span class='ocrx_word' id='word_1_257' title='bbox 1741 2442 2196 2537; x_wconf 61' lang='lat' dir='ltr'>obiet&#39;torum</span> <span class='ocrx_word' id='word_1_258' title='bbox 2402 2448 2468 2518; x_wconf 91' lang='lat'>8.</span> <span class='ocrx_word' id='word_1_259' title='bbox 2524 2444 2785 2521; x_wconf 87' lang='lat' dir='ltr'>Adhuc</span> <span class='ocrx_word' id='word_1_260' title='bbox 2812 2501 2829 2520; x_wconf 92' lang='lat'>.</span> <span class='ocrx_word' id='word_1_261' title='bbox 2887 2445 3119 2521; x_wconf 90' lang='lat' dir='ltr'>Nulla</span> <span class='ocrx_word' id='word_1_262' title='bbox 3170 2445 3500 2543; x_wconf 90' lang='lat' dir='ltr'>potentia</span> <span class='ocrx_word' id='word_1_263' title='bbox 3543 2446 3839 2524; x_wconf 85' lang='lat' dir='ltr'>infinita</span> 
     </span>
     <span class='ocr_line' id='line_1_23' title="bbox 652 2542 3839 2647; baseline -0.003 -20"><span class='ocrx_word' id='word_1_264' title='bbox 652 2548 755 2627; x_wconf 89' lang='lat' dir='ltr'>est</span> <span class='ocrx_word' id='word_1_265' title='bbox 807 2549 987 2626; x_wconf 92' lang='lat' dir='ltr'>ordo</span> <span class='ocrx_word' id='word_1_266' title='bbox 1038 2543 1574 2647; x_wconf 82' lang='lat' dir='ltr'>potentiarum,</span> <span class='ocrx_word' id='word_1_267' title='bbox 1605 2543 1782 2621; x_wconf 84' lang='lat' dir='ltr'>ficut</span> <span class='ocrx_word' id='word_1_268' title='bbox 1829 2547 1899 2622; x_wconf 86' lang='grc'>8(</span> <span class='ocrx_word' id='word_1_269' title='bbox 1952 2544 2194 2623; x_wconf 90' lang='lat' dir='ltr'>distin·</span> <span class='ocrx_word' id='word_1_270' title='bbox 2296 2542 2396 2619; x_wconf 92' lang='lat' dir='ltr'>est</span> <span class='ocrx_word' id='word_1_271' title='bbox 2448 2545 2777 2641; x_wconf 88' lang='lat' dir='ltr'>potentia</span> <span class='ocrx_word' id='word_1_272' title='bbox 2827 2544 2906 2620; x_wconf 91' lang='lat' dir='ltr'>in</span> <span class='ocrx_word' id='word_1_273' title='bbox 2958 2544 3461 2640; x_wconf 87' lang='lat' dir='ltr'>magnitudine</span> <span class='ocrx_word' id='word_1_274' title='bbox 3505 2601 3523 2620; x_wconf 89' lang='lat'>.</span> <span class='ocrx_word' id='word_1_275' title='bbox 3576 2550 3839 2623; x_wconf 82' lang='lat' dir='ltr'>Poteri-</span> 
     </span>
     <span class='ocr_line' id='line_1_24' title="bbox 532 2643 3852 2745; baseline -0.001 -20"><span class='ocrx_word' id='word_1_276' title='bbox 532 2672 540 2681; x_wconf 87' lang='lat'><strong>·</strong></span> <span class='ocrx_word' id='word_1_277' title='bbox 658 2647 845 2727; x_wconf 69' lang='grc' dir='ltr'>ἃὶο.</span> <span class='ocrx_word' id='word_1_278' title='bbox 904 2651 1107 2745; x_wconf 89' lang='lat' dir='ltr'>Ergo</span> <span class='ocrx_word' id='word_1_279' title='bbox 1159 2646 1364 2742; x_wconf 89' lang='lat' dir='ltr'>super</span> <span class='ocrx_word' id='word_1_280' title='bbox 1414 2644 1665 2722; x_wconf 86' lang='lat' dir='ltr'>omnia</span> <span class='ocrx_word' id='word_1_281' title='bbox 1719 2645 2042 2723; x_wconf 84' lang='lat' dir='ltr'>sensiblia</span> <span class='ocrx_word' id='word_1_282' title='bbox 2094 2644 2195 2723; x_wconf 91' lang='lat' dir='ltr'>est</span> <span class='ocrx_word' id='word_1_283' title='bbox 2300 2644 2402 2723; x_wconf 89' lang='lat' dir='ltr'>tia</span> <span class='ocrx_word' id='word_1_284' title='bbox 2454 2643 3031 2742; x_wconf 73' lang='lat' dir='ltr'>primi-‚motoris</span> <span class='ocrx_word' id='word_1_285' title='bbox 3079 2643 3181 2727; x_wconf 61' lang='lat' dir='ltr'>,est</span> <span class='ocrx_word' id='word_1_286' title='bbox 3215 2644 3543 2742; x_wconf 87' lang='lat' dir='ltr'>potentia</span> <span class='ocrx_word' id='word_1_287' title='bbox 3595 2644 3852 2721; x_wconf 75' lang='lat' dir='ltr'>infini-&#39;</span> 
     </span>
     <span class='ocr_line' id='line_1_25' title="bbox 657 2743 3852 2848; baseline -0.002 -20"><span class='ocrx_word' id='word_1_288' title='bbox 657 2748 935 2848; x_wconf 89' lang='lat' dir='ltr'>aliquid</span> <span class='ocrx_word' id='word_1_289' title='bbox 986 2745 1451 2844; x_wconf 87' lang='lat' dir='ltr'>intelligibile</span> <span class='ocrx_word' id='word_1_290' title='bbox 1506 2745 1583 2821; x_wconf 90' lang='lat' dir='ltr'>in</span> <span class='ocrx_word' id='word_1_291' title='bbox 1636 2770 1876 2823; x_wconf 91' lang='lat' dir='ltr'>rerum</span> <span class='ocrx_word' id='word_1_292' title='bbox 1945 2764 2199 2826; x_wconf 90' lang='lat' dir='ltr'>natura</span> <span class='ocrx_word' id='word_1_293' title='bbox 2301 2761 2374 2822; x_wconf 93' lang='lat' dir='ltr'>ta</span> <span class='ocrx_word' id='word_1_294' title='bbox 2413 2800 2431 2818; x_wconf 89' lang='lat'>.</span> <span class='ocrx_word' id='word_1_295' title='bbox 2491 2747 2693 2843; x_wconf 87' lang='lat' dir='ltr'>Ergo</span> <span class='ocrx_word' id='word_1_296' title='bbox 2741 2770 2892 2820; x_wconf 90' lang='lat' dir='ltr'>non</span> <span class='ocrx_word' id='word_1_297' title='bbox 2943 2743 3039 2819; x_wconf 93' lang='lat' dir='ltr'>est</span> <span class='ocrx_word' id='word_1_298' title='bbox 3094 2744 3206 2843; x_wconf 23' lang='lat' dir='ltr'>in„</span> <span class='ocrx_word' id='word_1_299' title='bbox 3250 2744 3491 2845; x_wconf 79' lang='lat' dir='ltr'>aliqua</span> <span class='ocrx_word' id='word_1_300' title='bbox 3563 2744 3852 2844; x_wconf 88' lang='lat' dir='ltr'>magni·</span> 
     </span>
     <span class='ocr_line' id='line_1_26' title="bbox 656 2842 3852 2946; baseline -0.001 -19"><span class='ocrx_word' id='word_1_301' title='bbox 656 2850 1001 2928; x_wconf 85' lang='lat' dir='ltr'>existens.</span> <span class='ocrx_word' id='word_1_302' title='bbox 1057 2851 1306 2925; x_wconf 91' lang='lat' dir='ltr'>Omne</span> <span class='ocrx_word' id='word_1_303' title='bbox 1355 2865 1601 2924; x_wconf 90' lang='lat' dir='ltr'>autem</span> <span class='ocrx_word' id='word_1_304' title='bbox 1653 2872 1910 2945; x_wconf 87' lang='lat' dir='ltr'>corpus</span> <span class='ocrx_word' id='word_1_305' title='bbox 1961 2848 2040 2926; x_wconf 88' lang='lat' dir='ltr'>in</span> <span class='ocrx_word' id='word_1_306' title='bbox 2095 2874 2196 2927; x_wconf 89' lang='lat' dir='ltr'>re·</span> <span class='ocrx_word' id='word_1_307' title='bbox 2301 2842 2604 2937; x_wconf 74' lang='lat' dir='ltr'>tudine3</span> <span class='ocrx_word' id='word_1_308' title='bbox 2654 2846 2728 2923; x_wconf 98' lang='grc'>8(</span> <span class='ocrx_word' id='word_1_309' title='bbox 2783 2843 2876 2922; x_wconf 85' lang='lat' dir='ltr'>fic</span> <span class='ocrx_word' id='word_1_310' title='bbox 2930 2847 3178 2938; x_wconf 82' lang='lat' dir='ltr'>Deus,</span> <span class='ocrx_word' id='word_1_311' title='bbox 3230 2845 3357 2944; x_wconf 87' lang='lat' dir='ltr'>qui</span> <span class='ocrx_word' id='word_1_312' title='bbox 3410 2843 3510 2925; x_wconf 86' lang='lat' dir='ltr'>est</span> <span class='ocrx_word' id='word_1_313' title='bbox 3562 2847 3852 2946; x_wconf 84' lang='lat' dir='ltr'>primus-</span> 
     </span>
     <span class='ocr_line' id='line_1_27' title="bbox 664 2944 3854 3049; baseline -0.002 -21"><span class='ocrx_word' id='word_1_314' title='bbox 664 2955 797 3029; x_wconf 91' lang='lat' dir='ltr'>bus</span> <span class='ocrx_word' id='word_1_315' title='bbox 850 2948 1152 3025; x_wconf 86' lang='lat' dir='ltr'>existens</span> <span class='ocrx_word' id='word_1_316' title='bbox 1205 2947 1302 3024; x_wconf 89' lang='lat' dir='ltr'>est</span> <span class='ocrx_word' id='word_1_317' title='bbox 1358 2944 1716 3025; x_wconf 77' lang='lat' dir='ltr'>sensibile.</span> <span class='ocrx_word' id='word_1_318' title='bbox 1796 2950 2027 3046; x_wconf 87' lang='lat' dir='ltr'>Igitur</span> <span class='ocrx_word' id='word_1_319' title='bbox 2095 2951 2197 3028; x_wconf 86' lang='lat' dir='ltr'>su·</span> <span class='ocrx_word' id='word_1_320' title='bbox 2300 2963 2584 3038; x_wconf 82' lang='lat' dir='ltr'>motor,</span> <span class='ocrx_word' id='word_1_321' title='bbox 2634 2971 2870 3047; x_wconf 90' lang='lat' dir='ltr'>neque</span> <span class='ocrx_word' id='word_1_322' title='bbox 2921 2944 3020 3022; x_wconf 89' lang='lat' dir='ltr'>est</span> <span class='ocrx_word' id='word_1_323' title='bbox 3072 2971 3330 3049; x_wconf 76' lang='lat' dir='ltr'>corpus</span> <span class='ocrx_word' id='word_1_324' title='bbox 3371 2955 3406 3043; x_wconf 73' lang='lat'>‚‘</span> <span class='ocrx_word' id='word_1_325' title='bbox 3450 2972 3685 3047; x_wconf 89' lang='lat' dir='ltr'>neque</span> <span class='ocrx_word' id='word_1_326' title='bbox 3738 2947 3854 3023; x_wconf 88' lang='lat' dir='ltr'>est·</span> 
     </span>
     <span class='ocr_line' id='line_1_28' title="bbox 667 3047 3862 3152; baseline 0 -27"><span class='ocrx_word' id='word_1_327' title='bbox 667 3074 799 3152; x_wconf 87' lang='lat' dir='ltr'>per</span> <span class='ocrx_word' id='word_1_328' title='bbox 848 3048 1099 3128; x_wconf 90' lang='lat' dir='ltr'>omnia</span> <span class='ocrx_word' id='word_1_329' title='bbox 1151 3073 1452 3147; x_wconf 87' lang='lat' dir='ltr'>corpora</span> <span class='ocrx_word' id='word_1_330' title='bbox 1503 3047 1603 3124; x_wconf 91' lang='lat' dir='ltr'>est</span> <span class='ocrx_word' id='word_1_331' title='bbox 1672 3050 1944 3150; x_wconf 90' lang='lat' dir='ltr'>aliquid</span> <span class='ocrx_word' id='word_1_332' title='bbox 2014 3050 2196 3130; x_wconf 87' lang='lat' dir='ltr'>acci·</span> <span class='ocrx_word' id='word_1_333' title='bbox 2297 3049 2531 3141; x_wconf 75' lang='lat' dir='ltr'>virtus</span> <span class='ocrx_word' id='word_1_334' title='bbox 2578 3047 2658 3124; x_wconf 88' lang='lat' dir='ltr'>in</span> <span class='ocrx_word' id='word_1_335' title='bbox 2708 3071 3008 3148; x_wconf 87' lang='lat' dir='ltr'>corpore</span> <span class='ocrx_word' id='word_1_336' title='bbox 3036 3105 3054 3123; x_wconf 94' lang='lat'>.</span> <span class='ocrx_word' id='word_1_337' title='bbox 3110 3048 3379 3137; x_wconf 59' lang='lat' dir='ltr'>Prirnaz</span> <span class='ocrx_word' id='word_1_338' title='bbox 3424 3047 3515 3127; x_wconf 89' lang='lat' dir='ltr'>fic</span> <span class='ocrx_word' id='word_1_339' title='bbox 3584 3050 3862 3147; x_wconf 73' lang='lat' dir='ltr'>proba-&#39;&#39;</span> 
     </span>
     <span class='ocr_line' id='line_1_29' title="bbox 669 3147 3859 3252; baseline 0 -26"><span class='ocrx_word' id='word_1_340' title='bbox 669 3173 840 3252; x_wconf 89' lang='lat' dir='ltr'>pere</span> <span class='ocrx_word' id='word_1_341' title='bbox 920 3147 1237 3225; x_wconf 86' lang='lat' dir='ltr'>nobilius</span> <span class='ocrx_word' id='word_1_342' title='bbox 1290 3203 1309 3221; x_wconf 94' lang='lat'>.</span> <span class='ocrx_word' id='word_1_343' title='bbox 1385 3149 1458 3225; x_wconf 90' lang='lat' dir='ltr'>Si</span> <span class='ocrx_word' id='word_1_344' title='bbox 1532 3148 1760 3245; x_wconf 67' lang='lat' dir='ltr'>vigitur</span> <span class='ocrx_word' id='word_1_345' title='bbox 1832 3155 2028 3228; x_wconf 86' lang='lat' dir='ltr'>Deus</span> <span class='ocrx_word' id='word_1_346' title='bbox 2102 3151 2201 3229; x_wconf 88' lang='lat' dir='ltr'>est</span> <span class='ocrx_word' id='word_1_347' title='bbox 2303 3166 2457 3227; x_wconf 89' lang='lat' dir='ltr'>tur.</span> <span class='ocrx_word' id='word_1_348' title='bbox 2502 3148 2576 3228; x_wconf 90' lang='lat' dir='ltr'>Si</span> <span class='ocrx_word' id='word_1_349' title='bbox 2629 3150 2955 3248; x_wconf 85' lang='lat' dir='ltr'>potentia</span> <span class='ocrx_word' id='word_1_350' title='bbox 3004 3147 3859 3246; x_wconf 62' lang='lat' dir='ltr'>alicujusmagnitudinis</span> 
     </span>
     <span class='ocr_line' id='line_1_30' title="bbox 670 3246 3854 3352; baseline -0.001 -25"><span class='ocrx_word' id='word_1_351' title='bbox 670 3275 973 3348; x_wconf 78' lang='lat' dir='ltr'>corpus·‚</span> <span class='ocrx_word' id='word_1_352' title='bbox 1026 3267 1176 3324; x_wconf 86' lang='lat' dir='ltr'>non</span> <span class='ocrx_word' id='word_1_353' title='bbox 1228 3246 1365 3322; x_wconf 87' lang='lat' dir='ltr'>erit</span> <span class='ocrx_word' id='word_1_354' title='bbox 1416 3248 1737 3344; x_wconf 89' lang='lat' dir='ltr'>primum</span> <span class='ocrx_word' id='word_1_355' title='bbox 1774 3304 1800 3343; x_wconf 85' lang='lat'>,</span> <span class='ocrx_word' id='word_1_356' title='bbox 1838 3251 1924 3327; x_wconf 89' lang='grc'>8(</span> <span class='ocrx_word' id='word_1_357' title='bbox 1975 3251 2203 3330; x_wconf 86' lang='lat' dir='ltr'>maxi·-</span> <span class='ocrx_word' id='word_1_358' title='bbox 2304 3247 2403 3325; x_wconf 88' lang='lat' dir='ltr'>est</span> <span class='ocrx_word' id='word_1_359' title='bbox 2456 3247 2786 3343; x_wconf 76' lang='lat' dir='ltr'>infinita3</span> <span class='ocrx_word' id='word_1_360' title='bbox 2822 3268 2947 3327; x_wconf 90' lang='lat' dir='ltr'>aut</span> <span class='ocrx_word' id='word_1_361' title='bbox 2997 3273 3173 3346; x_wconf 90' lang='lat' dir='ltr'>ergo</span> <span class='ocrx_word' id='word_1_362' title='bbox 3214 3250 3352 3352; x_wconf 71' lang='lat' dir='ltr'>erit</span> <span class='ocrx_word' id='word_1_363' title='bbox 3403 3250 3854 3347; x_wconf 74' lang='lat' dir='ltr'>magnitudi-=</span> 
     </span>
     <span class='ocr_line' id='line_1_31' title="bbox 673 3347 3851 3448; baseline -0.001 -21"><span class='ocrx_word' id='word_1_364' title='bbox 673 3375 883 3427; x_wconf 91' lang='lat' dir='ltr'>mum</span> <span class='ocrx_word' id='word_1_365' title='bbox 936 3372 1097 3425; x_wconf 86' lang='lat' dir='ltr'>ens.</span> <span class='ocrx_word' id='word_1_366' title='bbox 1188 3409 1193 3414; x_wconf 87' lang='lat'>.</span> <span class='ocrx_word' id='word_1_367' title='bbox 2157 3420 2161 3426; x_wconf 88' lang='grc'>,</span> <span class='ocrx_word' id='word_1_368' title='bbox 2312 3350 2428 3425; x_wconf 87' lang='lat' dir='ltr'>nis</span> <span class='ocrx_word' id='word_1_369' title='bbox 2486 3347 2711 3426; x_wconf 84' lang='lat' dir='ltr'>finitae</span> <span class='ocrx_word' id='word_1_370' title='bbox 2760 3404 2785 3443; x_wconf 84' lang='lat'>‚</span> <span class='ocrx_word' id='word_1_371' title='bbox 2837 3367 2963 3427; x_wconf 89' lang='lat' dir='ltr'>aut</span> <span class='ocrx_word' id='word_1_372' title='bbox 3013 3349 3341 3428; x_wconf 77' lang='lat' dir='ltr'>infinit‘ae.</span> <span class='ocrx_word' id='word_1_373' title='bbox 3397 3351 3851 3448; x_wconf 81' lang='lat' dir='ltr'>Magnitudo</span> 
     </span>
     <span class='ocr_line' id='line_1_32' title="bbox 778 3446 3850 3550; baseline -0.001 -22"><span class='ocrx_word' id='word_1_374' title='bbox 778 3452 847 3530; x_wconf 80' lang='lat'>6.</span> <span class='ocrx_word' id='word_1_375' title='bbox 940 3454 1288 3526; x_wconf 83' lang='lat' dir='ltr'>Praeterea</span> <span class='ocrx_word' id='word_1_376' title='bbox 1338 3504 1356 3524; x_wconf 92' lang='lat'>.</span> <span class='ocrx_word' id='word_1_377' title='bbox 1465 3446 1823 3547; x_wconf 81' lang='lat' dir='ltr'>Quolibet</span> <span class='ocrx_word' id='word_1_378' title='bbox 1913 3467 2210 3550; x_wconf 84' lang='lat' dir='ltr'>corpore</span> <span class='ocrx_word' id='word_1_379' title='bbox 2313 3447 2602 3524; x_wconf 90' lang='lat' dir='ltr'>infinita</span> <span class='ocrx_word' id='word_1_380' title='bbox 2652 3449 2854 3525; x_wconf 89' lang='lat' dir='ltr'>nulla</span> <span class='ocrx_word' id='word_1_381' title='bbox 2905 3448 3047 3543; x_wconf 85' lang='lat' dir='ltr'>est,</span> <span class='ocrx_word' id='word_1_382' title='bbox 3077 3466 3157 3527; x_wconf 95' lang='lat' dir='ltr'>ut</span> <span class='ocrx_word' id='word_1_383' title='bbox 3195 3452 3536 3548; x_wconf 85' lang='lat' dir='ltr'>probatur</span> <span class='ocrx_word' id='word_1_384' title='bbox 3565 3453 3663 3527; x_wconf 91' lang='lat' dir='ltr'>·in</span> <span class='ocrx_word' id='word_1_385' title='bbox 3701 3453 3850 3527; x_wconf 71' lang='grc' dir='ltr'><strong>ΙΙΙ,</strong></span> 
     </span>
     <span class='ocr_line' id='line_1_33' title="bbox 673 3547 3846 3650; baseline -0.001 -22"><span class='ocrx_word' id='word_1_386' title='bbox 673 3575 827 3628; x_wconf 88' lang='lat' dir='ltr'>non</span> <span class='ocrx_word' id='word_1_387' title='bbox 878 3550 1174 3627; x_wconf 88' lang='lat' dir='ltr'>vivente</span> <span class='ocrx_word' id='word_1_388' title='bbox 1228 3573 1338 3627; x_wconf 90' lang='lat' dir='ltr'>res</span> <span class='ocrx_word' id='word_1_389' title='bbox 1387 3548 1644 3626; x_wconf 81' lang='lat' dir='ltr'>vivens</span> <span class='ocrx_word' id='word_1_390' title='bbox 1696 3549 1791 3626; x_wconf 89' lang='lat' dir='ltr'>est</span> <span class='ocrx_word' id='word_1_391' title='bbox 1844 3551 2214 3629; x_wconf 85' lang='lat' dir='ltr'>nobilior:</span> <span class='ocrx_word' id='word_1_392' title='bbox 2317 3547 2529 3650; x_wconf 86' lang='lat' dir='ltr'>Phys.</span> <span class='ocrx_word' id='word_1_393' title='bbox 2581 3549 2829 3646; x_wconf 88' lang='lat' dir='ltr'>(text.</span> <span class='ocrx_word' id='word_1_394' title='bbox 2882 3577 3142 3629; x_wconf 81' lang='grc' dir='ltr'><strong>χχχιχ.</strong></span> <span class='ocrx_word' id='word_1_395' title='bbox 3193 3552 3267 3627; x_wconf 83' lang='grc'>8(</span> <span class='ocrx_word' id='word_1_396' title='bbox 3320 3553 3460 3650; x_wconf 89' lang='lat' dir='ltr'>seq.</span> <span class='ocrx_word' id='word_1_397' title='bbox 3508 3552 3636 3647; x_wconf 92' lang='grc'>)8(</span> <span class='ocrx_word' id='word_1_398' title='bbox 3674 3551 3749 3626; x_wconf 90' lang='lat' dir='ltr'>in</span> <span class='ocrx_word' id='word_1_399' title='bbox 3790 3557 3846 3627; x_wconf 86' lang='lat'>1.</span> 
     </span>
     <span class='ocr_line' id='line_1_34' title="bbox 681 3643 3851 3751; baseline 0 -23"><span class='ocrx_word' id='word_1_400' title='bbox 681 3650 1017 3751; x_wconf 91' lang='lat' dir='ltr'>quolibet</span> <span class='ocrx_word' id='word_1_401' title='bbox 1066 3667 1309 3727; x_wconf 87' lang='lat' dir='ltr'>autem</span> <span class='ocrx_word' id='word_1_402' title='bbox 1362 3675 1661 3750; x_wconf 88' lang='lat' dir='ltr'>corpore</span> <span class='ocrx_word' id='word_1_403' title='bbox 1727 3651 2026 3729; x_wconf 88' lang='lat' dir='ltr'>vivente</span> <span class='ocrx_word' id='word_1_404' title='bbox 2093 3654 2212 3729; x_wconf 91' lang='lat' dir='ltr'>sua</span> <span class='ocrx_word' id='word_1_405' title='bbox 2313 3652 2460 3730; x_wconf 80' lang='lat' dir='ltr'>cael.</span> <span class='ocrx_word' id='word_1_406' title='bbox 2517 3666 2591 3729; x_wconf 92' lang='lat' dir='ltr'>et</span> <span class='ocrx_word' id='word_1_407' title='bbox 2639 3653 2893 3731; x_wconf 87' lang='lat' dir='ltr'>mund.</span> <span class='ocrx_word' id='word_1_408' title='bbox 2934 3651 2961 3747; x_wconf 90' lang='lat'><strong>(</strong></span> <span class='ocrx_word' id='word_1_409' title='bbox 3000 3677 3044 3728; x_wconf 89' lang='lat' dir='ltr'>a</span> <span class='ocrx_word' id='word_1_410' title='bbox 3079 3643 3267 3730; x_wconf 46' lang='lat' dir='ltr'>sext.</span> <span class='ocrx_word' id='word_1_411' title='bbox 3320 3678 3587 3730; x_wconf 88' lang='lat' dir='ltr'>comm.</span> <span class='ocrx_word' id='word_1_412' title='bbox 3639 3676 3851 3730; x_wconf 77' lang='lat' dir='ltr'>xxxv,</span> 
     </span>
     <span class='ocr_line' id='line_1_35' title="bbox 677 3749 3850 3851; baseline 0.001 -25"><span class='ocrx_word' id='word_1_413' title='bbox 677 3753 838 3828; x_wconf 88' lang='lat' dir='ltr'>vita</span> <span class='ocrx_word' id='word_1_414' title='bbox 910 3749 1008 3826; x_wconf 89' lang='lat' dir='ltr'>est</span> <span class='ocrx_word' id='word_1_415' title='bbox 1077 3749 1396 3827; x_wconf 90' lang='lat' dir='ltr'>nobilior</span> <span class='ocrx_word' id='word_1_416' title='bbox 1429 3805 1455 3844; x_wconf 84' lang='lat'><strong>‚</strong></span> <span class='ocrx_word' id='word_1_417' title='bbox 1506 3776 1676 3829; x_wconf 91' lang='lat' dir='ltr'>cum</span> <span class='ocrx_word' id='word_1_418' title='bbox 1729 3777 1855 3850; x_wconf 91' lang='lat' dir='ltr'>per</span> <span class='ocrx_word' id='word_1_419' title='bbox 1908 3753 2061 3831; x_wconf 76' lang='lat' dir='ltr'>hoc‘</span> <span class='ocrx_word' id='word_1_420' title='bbox 2096 3753 2218 3829; x_wconf 90' lang='lat' dir='ltr'>ha·</span> <span class='ocrx_word' id='word_1_421' title='bbox 2319 3753 2542 3851; x_wconf 87' lang='lat' dir='ltr'>usque</span> <span class='ocrx_word' id='word_1_422' title='bbox 2592 3755 2680 3830; x_wconf 90' lang='lat' dir='ltr'>ad</span> <span class='ocrx_word' id='word_1_423' title='bbox 2732 3751 2987 3849; x_wconf 87' lang='lat' dir='ltr'>lxxv.)</span> <span class='ocrx_word' id='word_1_424' title='bbox 3041 3754 3561 3851; x_wconf 84' lang='lat' dir='ltr'>magnitudinis</span> <span class='ocrx_word' id='word_1_425' title='bbox 3604 3773 3850 3830; x_wconf 85' lang='lat' dir='ltr'>autem</span> 
     </span>
     <span class='ocr_line' id='line_1_36' title="bbox 682 3851 3851 3953; baseline 0.001 -26"><span class='ocrx_word' id='word_1_426' title='bbox 682 3855 852 3928; x_wconf 86' lang='lat' dir='ltr'>beat</span> <span class='ocrx_word' id='word_1_427' title='bbox 906 3851 1112 3950; x_wconf 89' lang='lat' dir='ltr'>supra</span> <span class='ocrx_word' id='word_1_428' title='bbox 1162 3851 1304 3928; x_wconf 91' lang='lat' dir='ltr'>alia</span> <span class='ocrx_word' id='word_1_429' title='bbox 1352 3876 1657 3950; x_wconf 89' lang='lat' dir='ltr'>corpora</span> <span class='ocrx_word' id='word_1_430' title='bbox 1708 3854 2208 3932; x_wconf 89' lang='lat' dir='ltr'>nobilitatem.</span> <span class='ocrx_word' id='word_1_431' title='bbox 2319 3851 2540 3931; x_wconf 86' lang='lat' dir='ltr'>finitae</span> <span class='ocrx_word' id='word_1_432' title='bbox 2593 3879 2743 3930; x_wconf 91' lang='lat' dir='ltr'>non</span> <span class='ocrx_word' id='word_1_433' title='bbox 2825 3853 2923 3930; x_wconf 90' lang='lat' dir='ltr'>est</span> <span class='ocrx_word' id='word_1_434' title='bbox 3001 3854 3334 3953; x_wconf 85' lang='lat' dir='ltr'>poffibile.</span> <span class='ocrx_word' id='word_1_435' title='bbox 3397 3858 3533 3930; x_wconf 78' lang='lat' dir='ltr'>esse</span> <span class='ocrx_word' id='word_1_436' title='bbox 3602 3876 3851 3952; x_wconf 86' lang='lat' dir='ltr'>poten-</span> 
     </span>
     <span class='ocr_line' id='line_1_37' title="bbox 687 3950 3855 4049; baseline 0.001 -20"><span class='ocrx_word' id='word_1_437' title='bbox 687 3954 771 4029; x_wconf 91' lang='lat' dir='ltr'>Id</span> <span class='ocrx_word' id='word_1_438' title='bbox 824 3976 1002 4049; x_wconf 88' lang='lat' dir='ltr'>ergo</span> <span class='ocrx_word' id='word_1_439' title='bbox 1050 3975 1199 4048; x_wconf 85' lang='lat' dir='ltr'>quo</span> <span class='ocrx_word' id='word_1_440' title='bbox 1248 3950 1438 4027; x_wconf 89' lang='lat' dir='ltr'>nihil</span> <span class='ocrx_word' id='word_1_441' title='bbox 1489 3952 1586 4028; x_wconf 91' lang='lat' dir='ltr'>est</span> <span class='ocrx_word' id='word_1_442' title='bbox 1639 3954 1957 4032; x_wconf 83' lang='lat' dir='ltr'>nobilius</span> <span class='ocrx_word' id='word_1_443' title='bbox 1995 4009 2027 4046; x_wconf 71' lang='lat'>‚.</span> <span class='ocrx_word' id='word_1_444' title='bbox 2070 3979 2220 4032; x_wconf 87' lang='lat' dir='ltr'>cor·</span> <span class='ocrx_word' id='word_1_445' title='bbox 2263 4009 2273 4018; x_wconf 89' lang='lat'>-</span> <span class='ocrx_word' id='word_1_446' title='bbox 2323 3953 2501 4031; x_wconf 90' lang='lat' dir='ltr'>tiam</span> <span class='ocrx_word' id='word_1_447' title='bbox 2559 3954 2924 4033; x_wconf 87' lang='lat' dir='ltr'>infinitam</span> <span class='ocrx_word' id='word_1_448' title='bbox 2980 3981 2997 4031; x_wconf 76' lang='grc' dir='ltr'><strong><em>ε</em></strong></span> <span class='ocrx_word' id='word_1_449' title='bbox 3050 3955 3124 4031; x_wconf 96' lang='grc'>8(</span> <span class='ocrx_word' id='word_1_450' title='bbox 3176 3954 3270 4031; x_wconf 82' lang='lat' dir='ltr'>fic</span> <span class='ocrx_word' id='word_1_451' title='bbox 3324 3955 3402 4030; x_wconf 91' lang='lat' dir='ltr'>in</span> <span class='ocrx_word' id='word_1_452' title='bbox 3454 3955 3653 4031; x_wconf 86' lang='lat' dir='ltr'>nulla</span> <span class='ocrx_word' id='word_1_453' title='bbox 3707 3981 3855 4032; x_wconf 88' lang='lat' dir='ltr'>ma-</span> 
     </span>
     <span class='ocr_line' id='line_1_38' title="bbox 684 4048 3864 4154; baseline 0.001 -25"><span class='ocrx_word' id='word_1_454' title='bbox 684 4077 818 4151; x_wconf 87' lang='lat' dir='ltr'>pus</span> <span class='ocrx_word' id='word_1_455' title='bbox 871 4077 1021 4128; x_wconf 90' lang='lat' dir='ltr'>non</span> <span class='ocrx_word' id='word_1_456' title='bbox 1072 4048 1206 4126; x_wconf 89' lang='lat' dir='ltr'>est.</span> <span class='ocrx_word' id='word_1_457' title='bbox 1262 4054 1431 4129; x_wconf 90' lang='lat' dir='ltr'>Hoc</span> <span class='ocrx_word' id='word_1_458' title='bbox 1466 4070 1727 4131; x_wconf 37' lang='lat' dir='ltr'>*autem</span> <span class='ocrx_word' id='word_1_459' title='bbox 1780 4054 1877 4131; x_wconf 90' lang='lat' dir='ltr'>est</span> <span class='ocrx_word' id='word_1_460' title='bbox 1950 4058 2147 4134; x_wconf 89' lang='lat' dir='ltr'>Deus</span> <span class='ocrx_word' id='word_1_461' title='bbox 2198 4112 2220 4132; x_wconf 95' lang='lat'>.</span> <span class='ocrx_word' id='word_1_462' title='bbox 2321 4055 2703 4152; x_wconf 88' lang='lat' dir='ltr'>gnitudine</span> <span class='ocrx_word' id='word_1_463' title='bbox 2784 4054 3013 4152; x_wconf 90' lang='lat' dir='ltr'>potest</span> <span class='ocrx_word' id='word_1_464' title='bbox 3082 4054 3228 4131; x_wconf 90' lang='lat' dir='ltr'>esse</span> <span class='ocrx_word' id='word_1_465' title='bbox 3296 4057 3622 4154; x_wconf 89' lang='lat' dir='ltr'>potentia</span> <span class='ocrx_word' id='word_1_466' title='bbox 3696 4055 3864 4152; x_wconf 83' lang='lat' dir='ltr'>infi-</span> 
     </span>
     <span class='ocr_line' id='line_1_39' title="bbox 680 4149 3860 4252; baseline 0.002 -23"><span class='ocrx_word' id='word_1_467' title='bbox 680 4156 894 4250; x_wconf 87' lang='lat' dir='ltr'>-Ergo</span> <span class='ocrx_word' id='word_1_468' title='bbox 944 4177 1091 4228; x_wconf 90' lang='lat' dir='ltr'>non</span> <span class='ocrx_word' id='word_1_469' title='bbox 1146 4149 1244 4226; x_wconf 90' lang='lat' dir='ltr'>est</span> <span class='ocrx_word' id='word_1_470' title='bbox 1297 4176 1591 4249; x_wconf 84' lang='lat' dir='ltr'>corpus.</span> <span class='ocrx_word' id='word_1_471' title='bbox 1838 4198 1843 4203; x_wconf 91' lang='lat'><em>-</em></span> <span class='ocrx_word' id='word_1_472' title='bbox 2325 4155 2482 4232; x_wconf 87' lang='lat' dir='ltr'>nita</span> <span class='ocrx_word' id='word_1_473' title='bbox 2521 4212 2539 4230; x_wconf 91' lang='lat'>.</span> <span class='ocrx_word' id='word_1_474' title='bbox 2614 4156 2837 4250; x_wconf 83' lang='lat' dir='ltr'>Quod</span> <span class='ocrx_word' id='word_1_475' title='bbox 2888 4174 3132 4233; x_wconf 87' lang='lat' dir='ltr'>autem</span> <span class='ocrx_word' id='word_1_476' title='bbox 3203 4154 3281 4231; x_wconf 91' lang='lat' dir='ltr'>in</span> <span class='ocrx_word' id='word_1_477' title='bbox 3353 4157 3860 4252; x_wconf 84' lang='lat' dir='ltr'>magnitudine</span> 
     </span>
     <span class='ocr_line' id='line_1_40' title="bbox 848 4253 3857 4355; baseline 0.004 -31"><span class='ocrx_word' id='word_1_478' title='bbox 848 4308 865 4324; x_wconf 92' lang='lat'>.</span> <span class='ocrx_word' id='word_1_479' title='bbox 926 4256 1152 4328; x_wconf 90' lang='lat' dir='ltr'>Item.</span> <span class='ocrx_word' id='word_1_480' title='bbox 1191 4253 1670 4330; x_wconf 89' lang='lat' dir='ltr'>Inveniuntur</span> <span class='ocrx_word' id='word_1_481' title='bbox 1722 4255 2031 4334; x_wconf 88' lang='lat' dir='ltr'>rationes</span> <span class='ocrx_word' id='word_1_482' title='bbox 2064 4255 2225 4334; x_wconf 86' lang='lat' dir='ltr'>Phi·</span> <span class='ocrx_word' id='word_1_483' title='bbox 2326 4253 2536 4332; x_wconf 89' lang='lat' dir='ltr'>finita</span> <span class='ocrx_word' id='word_1_484' title='bbox 2589 4280 2739 4332; x_wconf 92' lang='lat' dir='ltr'>non</span> <span class='ocrx_word' id='word_1_485' title='bbox 2791 4255 3000 4353; x_wconf 84' lang='lat' dir='ltr'>poffit</span> <span class='ocrx_word' id='word_1_486' title='bbox 3049 4258 3188 4332; x_wconf 76' lang='lat' dir='ltr'>esse</span> <span class='ocrx_word' id='word_1_487' title='bbox 3219 4260 3544 4355; x_wconf 89' lang='lat' dir='ltr'>potentia</span> <span class='ocrx_word' id='word_1_488' title='bbox 3615 4257 3857 4336; x_wconf 77' lang='lat' dir='ltr'>infini-</span> 
     </span>
     <span class='ocr_line' id='line_1_41' title="bbox 689 4279 3864 4456; baseline 0.003 -29"><span class='ocrx_word' id='word_1_489' title='bbox 689 4279 1438 4447; x_wconf 54' lang='lat' dir='ltr'>lossphorumwln.</span> <span class='ocrx_word' id='word_1_490' title='bbox 1481 4353 1688 4456; x_wconf 80' lang='lat' dir='ltr'>Phys.</span> <span class='ocrx_word' id='word_1_491' title='bbox 1727 4373 1897 4433; x_wconf 87' lang='lat' dir='ltr'>text.</span> <span class='ocrx_word' id='word_1_492' title='bbox 1950 4382 2221 4433; x_wconf 88' lang='lat' dir='ltr'>comm.</span> <span class='ocrx_word' id='word_1_493' title='bbox 2324 4363 2464 4449; x_wconf 83' lang='lat' dir='ltr'>ta,</span> <span class='ocrx_word' id='word_1_494' title='bbox 2540 4355 2634 4431; x_wconf 88' lang='lat' dir='ltr'>fic</span> <span class='ocrx_word' id='word_1_495' title='bbox 2706 4356 3050 4453; x_wconf 74' lang='lat' dir='ltr'>probatur</span> <span class='ocrx_word' id='word_1_496' title='bbox 3083 4413 3108 4431; x_wconf 90' lang='lat'>.</span> <span class='ocrx_word' id='word_1_497' title='bbox 3209 4359 3618 4456; x_wconf 84' lang='lat' dir='ltr'>Aequalem</span> <span class='ocrx_word' id='word_1_498' title='bbox 3689 4360 3864 4436; x_wconf 50' lang='lat' dir='ltr'>effe&amp;</span> 
     </span>
     <span class='ocr_line' id='line_1_42' title="bbox 689 4449 3853 4557; baseline 0.003 -30"><span class='ocrx_word' id='word_1_499' title='bbox 689 4450 759 4527; x_wconf 89' lang='lat'>11</span> <span class='ocrx_word' id='word_1_500' title='bbox 786 4476 842 4524; x_wconf 90' lang='lat'>1.</span> <span class='ocrx_word' id='word_1_501' title='bbox 897 4452 967 4523; x_wconf 89' lang='grc'>8(</span> <span class='ocrx_word' id='word_1_502' title='bbox 1023 4450 1159 4547; x_wconf 90' lang='lat' dir='ltr'>seq.</span> <span class='ocrx_word' id='word_1_503' title='bbox 1216 4449 1242 4545; x_wconf 97' lang='lat'><em>)</em></span> <span class='ocrx_word' id='word_1_504' title='bbox 1290 4453 1380 4529; x_wconf 90' lang='lat' dir='ltr'>ad</span> <span class='ocrx_word' id='word_1_505' title='bbox 1432 4454 1628 4530; x_wconf 91' lang='lat' dir='ltr'>idem</span> <span class='ocrx_word' id='word_1_506' title='bbox 1680 4454 2222 4551; x_wconf 79' lang='lat' dir='ltr'>ostendendum,</span> <span class='ocrx_word' id='word_1_507' title='bbox 2323 4475 2525 4534; x_wconf 90' lang='lat' dir='ltr'>ctum</span> <span class='ocrx_word' id='word_1_508' title='bbox 2614 4479 2834 4557; x_wconf 83' lang='lat' dir='ltr'>quem</span> <span class='ocrx_word' id='word_1_509' title='bbox 2925 4455 3099 4535; x_wconf 86' lang='lat' dir='ltr'>facit</span> <span class='ocrx_word' id='word_1_510' title='bbox 3148 4458 3508 4555; x_wconf 70' lang='lat' dir='ltr'>-potentia</span> <span class='ocrx_word' id='word_1_511' title='bbox 3607 4463 3853 4554; x_wconf 86' lang='lat' dir='ltr'>minor</span> 
     </span>
     <span class='ocr_line' id='line_1_43' title="bbox 686 4550 3855 4661; baseline 0.004 -37"><span class='ocrx_word' id='word_1_512' title='bbox 686 4607 687 4610; x_wconf 9' lang='lat' dir='ltr'>a</span> <span class='ocrx_word' id='word_1_513' title='bbox 743 4550 1155 4626; x_wconf 83' lang='lat' dir='ltr'>rocedentes</span> <span class='ocrx_word' id='word_1_514' title='bbox 1222 4575 1311 4628; x_wconf 91' lang='lat' dir='ltr'>ex</span> <span class='ocrx_word' id='word_1_515' title='bbox 1375 4555 1770 4634; x_wconf 69' lang='lat' dir='ltr'>aeternitate</span> <span class='ocrx_word' id='word_1_516' title='bbox 1853 4574 2094 4634; x_wconf 87' lang='lat' dir='ltr'>motus</span> <span class='ocrx_word' id='word_1_517' title='bbox 2145 4557 2223 4633; x_wconf 90' lang='lat' dir='ltr'>in</span> <span class='ocrx_word' id='word_1_518' title='bbox 2326 4574 2651 4655; x_wconf 89' lang='lat' dir='ltr'>tempore</span> <span class='ocrx_word' id='word_1_519' title='bbox 2703 4555 3007 4651; x_wconf 74' lang='lat' dir='ltr'>maiori,</span> <span class='ocrx_word' id='word_1_520' title='bbox 3061 4556 3236 4636; x_wconf 87' lang='lat' dir='ltr'>facit</span> <span class='ocrx_word' id='word_1_521' title='bbox 3300 4561 3626 4661; x_wconf 86' lang='lat' dir='ltr'>potentia</span> <span class='ocrx_word' id='word_1_522' title='bbox 3702 4563 3855 4637; x_wconf 75' lang='lat' dir='ltr'>ma-</span> 
     </span>
     <span class='ocr_line' id='line_1_44' title="bbox 689 4577 3856 4760; baseline 0.003 -32"><span class='ocrx_word' id='word_1_523' title='bbox 689 4577 889 4728; x_wconf 55' lang='lat' dir='ltr'>gunc</span> <span class='ocrx_word' id='word_1_524' title='bbox 942 4652 1279 4727; x_wconf 89' lang='lat' dir='ltr'>modum.</span> <span class='ocrx_word' id='word_1_525' title='bbox 1337 4655 1423 4728; x_wconf 91' lang='lat' dir='ltr'>In</span> <span class='ocrx_word' id='word_1_526' title='bbox 1490 4656 1694 4732; x_wconf 90' lang='lat' dir='ltr'>omni</span> <span class='ocrx_word' id='word_1_527' title='bbox 1768 4677 1973 4735; x_wconf 92' lang='lat' dir='ltr'>motu</span> <span class='ocrx_word' id='word_1_528' title='bbox 2044 4659 2220 4753; x_wconf 90' lang='lat' dir='ltr'>sern-</span> <span class='ocrx_word' id='word_1_529' title='bbox 2327 4656 2434 4754; x_wconf 84' lang='lat' dir='ltr'>jor</span> <span class='ocrx_word' id='word_1_530' title='bbox 2504 4675 2830 4755; x_wconf 90' lang='lat' dir='ltr'>tempore</span> <span class='ocrx_word' id='word_1_531' title='bbox 2900 4659 3235 4754; x_wconf 86' lang='lat' dir='ltr'>minori,</span> <span class='ocrx_word' id='word_1_532' title='bbox 3364 4661 3856 4760; x_wconf 86' lang='lat' dir='ltr'>ualiscumque</span> 
     </span>
     <span class='ocr_line' id='line_1_45' title="bbox 686 4688 3856 4855; baseline 0.004 -29"><span class='ocrx_word' id='word_1_533' title='bbox 686 4752 977 4851; x_wconf 88' lang='lat' dir='ltr'>piterno</span> <span class='ocrx_word' id='word_1_534' title='bbox 1042 4768 1329 4850; x_wconf 91' lang='lat' dir='ltr'>oportet</span> <span class='ocrx_word' id='word_1_535' title='bbox 1394 4756 1586 4849; x_wconf 92' lang='lat' dir='ltr'>quod</span> <span class='ocrx_word' id='word_1_536' title='bbox 1665 4759 1985 4855; x_wconf 86' lang='lat' dir='ltr'>primum</span> <span class='ocrx_word' id='word_1_537' title='bbox 2071 4785 2225 4836; x_wconf 90' lang='lat' dir='ltr'>mo·</span> <span class='ocrx_word' id='word_1_538' title='bbox 2330 4758 2415 4836; x_wconf 85' lang='lat' dir='ltr'>fit</span> <span class='ocrx_word' id='word_1_539' title='bbox 2483 4757 2608 4834; x_wconf 90' lang='lat' dir='ltr'>ille</span> <span class='ocrx_word' id='word_1_540' title='bbox 2675 4758 2971 4839; x_wconf 73' lang='lat' dir='ltr'>eflectus</span> <span class='ocrx_word' id='word_1_541' title='bbox 3003 4815 3030 4854; x_wconf 85' lang='lat'>.‚</span> <span class='ocrx_word' id='word_1_542' title='bbox 3098 4760 3242 4838; x_wconf 87' lang='lat' dir='ltr'>sive</span> <span class='ocrx_word' id='word_1_543' title='bbox 3312 4688 3397 4840; x_wconf 60' lang='lat' dir='ltr'>gt</span> <span class='ocrx_word' id='word_1_544' title='bbox 3464 4763 3856 4839; x_wconf 85' lang='lat' dir='ltr'>secundum</span> 
     </span>
    </p>
   </div>
   <div class='ocr_carea' id='block_1_3' title="bbox 651 4859 3857 5062">
    <p class='ocr_par' dir='ltr' id='par_1_3' title="bbox 651 4859 3857 5062">
     <span class='ocr_line' id='line_1_46' title="bbox 651 4859 3857 4966; baseline 0.003 -36"><span class='ocrx_word' id='word_1_545' title='bbox 651 4876 864 4963; x_wconf 77' lang='lat' dir='ltr'>·vens</span> <span class='ocrx_word' id='word_1_546' title='bbox 916 4878 1063 4928; x_wconf 90' lang='lat' dir='ltr'>non</span> <span class='ocrx_word' id='word_1_547' title='bbox 1132 4871 1511 4930; x_wconf 87' lang='lat' dir='ltr'>moveatur</span> <span class='ocrx_word' id='word_1_548' title='bbox 1581 4880 1814 4964; x_wconf 86' lang='lat' dir='ltr'>neque</span> <span class='ocrx_word' id='word_1_549' title='bbox 1884 4883 2012 4960; x_wconf 87' lang='lat' dir='ltr'>per</span> <span class='ocrx_word' id='word_1_550' title='bbox 2079 4860 2147 4940; x_wconf 92' lang='lat' dir='ltr'>se</span> <span class='ocrx_word' id='word_1_551' title='bbox 2196 4912 2226 4957; x_wconf 85' lang='lat'>‚</span> <span class='ocrx_word' id='word_1_552' title='bbox 2327 4859 2879 4960; x_wconf 82' lang='lat' dir='ltr'>alterationem,</span> <span class='ocrx_word' id='word_1_553' title='bbox 2929 4860 3075 4941; x_wconf 87' lang='lat' dir='ltr'>sive</span> <span class='ocrx_word' id='word_1_554' title='bbox 3128 4862 3516 4966; x_wconf 80' lang='lat' dir='ltr'>secundum</span> <span class='ocrx_word' id='word_1_555' title='bbox 3565 4878 3857 4964; x_wconf 81' lang='lat' dir='ltr'>motum</span> 
     </span>
     <span class='ocr_line' id='line_1_47' title="bbox 783 4953 3848 5062; baseline 0.001 -32"><span class='ocrx_word' id='word_1_556' title='bbox 783 4953 1255 5034; x_wconf 83' lang='lat' dir='ltr'>S.Th.comra</span> <span class='ocrx_word' id='word_1_557' title='bbox 1290 4963 1792 5038; x_wconf 80' lang='lat' dir='ltr'>Gent.Tom.I.</span> <span class='ocrx_word' id='word_1_558' title='bbox 2606 5052 2624 5062; x_wconf 27' lang='grc' dir='ltr'><em>φ</em></span> <span class='ocrx_word' id='word_1_559' title='bbox 3212 4964 3287 5041; x_wconf 93' lang='lat' dir='ltr'><strong>D</strong></span> <span class='ocrx_word' id='word_1_560' title='bbox 3698 4971 3704 4979; x_wconf 82' lang='lat'><strong>‘</strong></span> <span class='ocrx_word' id='word_1_561' title='bbox 3740 4960 3848 5035; x_wconf 89' lang='lat' dir='ltr'>lo·</span> 
     </span>
    </p>
   </div>
  </div>
 </body>
</html>
