4597 5696
784 404 925 468 ωε
1420 399 1564 464 Dr:
1624 397 2214 465 vmi‘rA‘rE
2269 403 2981 491 οᾼτΗοιιεΑΕ
3040 420 3356 487 mom

795 542 1114 619 quorum
1165 514 1533 597 contraria
1584 509 1899 611 quidam*
1964 510 2363 613 posuerunt
2462 538 2683 592 num.
2740 513 2819 595 Si
2869 523 3119 596 autem
3171 523 3507 621 poffibile
3579 532 3682 614 est
3763 539 3858 618 ab
3936 565 4033 622 ω

793 621 826 717 (
880 618 1368 713 AristoteleS,
1417 616 1969 708 &querrer
2020 630 2115 694 ut¹
2156 632 2361 696 nota·
2447 615 2747 718 saliquid
2797 620 2919 719 agi
2976 620 3066 698 de
3119 647 3321 705 novo
3364 682 3392 726 ‚
3442 650 3644 734 patet
3695 633 3897 740 quo'd
3948 645 4025 723 8t

796 738 963 799 turn
1016 717 1118 798 est
1194 745 1350 820 cap.
1422 715 1798 813 xxxix.)
1874 717 2365 797 aeternitatem
2468 721 2817 799 moveri:
2890 748 3065 801 nam
3137 749 3389 811 motus
3476 735 4029 838 disposnionem

784 829 1304 903 ereaturarum
1355 819 1849 919 supponentes
1884 827 1913 894 .’
1959 820 2080 899 Sic
2135 821 2364 920 igitur
2457 822 2870 904 voluntatis
2920 844 3201 906 aeternae
3256 831 3587 935 sequitur
3658 843 3747 921 de
3816 864 4031 929 motu

790 951 892 1004 ex
945 941 1152 1026 parte
1189 924 1479 1025 agentis
1534 920 1853 999 nihilcst
1908 922 2108 1021 quod
2138 940 2361 1001 2aeter·
2465 948 2618 1004 non
2672 925 2954 1027 semper
3004 932 3335 1011 effendo.
3459 989 3466 996 -
3711 933 3720 938 ’

796 1029 1116 1110 nitatem
1142 1041 1638 1107 creaturarum
1665 1050 1805 1103 nos
1819 1047 2092 1123 ponere
2118 1042 2356 1125 cogat.
2455 1095 2460 1102 ,
2564 1027 2934 1107 Similiter
2982 1034 3210 1112 etiam
3229 1035 3554 1121 intentio
3579 997 4028 1132 naturalium
4145 1076 4198 1100 *ν

1017 1181 1095 1267 c,
1160 1182 1224 1245 A
1314 1178 1360 1241 Ρ
1448 1178 1508 1239 u
1596 1176 1657 1236 τ
1820 1163 2134 1238 xxxv1.

958 1313 1174 1378 solutio
1217 1313 1495 1374 rationum
1528 1308 1884 1388 sumpturum
1928 1332 1996 1373 ex
2031 1323 2192 1390 paru

1224 1392 1230 1400 ’
1304 1403 1494 1474 ’ferum'
1521 1388 1811 1490 saflaefrum
1832 1432 1852 1452 .

788 1543 1248 1738 Slmiliter
1299 1541 1526 1625 etiam
1578 1567 1723 1621 nec
1770 1565 1863 1621 ex
1902 1556 2107 1642 parte
2156 1565 2352 1623 crea·

796 1669 802 1676 ·
974 1666 1151 1729 turae
1192 1647 1301 1727 west
1356 1645 1632 1745 aliquid
1658 1646 1853 1745 quod
1898 1671 2040 1724 nos
2089 1645 2352 1737 adeius

786 1751 1281 1831 aeternitatem
1335 1747 1749 1851 ponendam
1802 1748 1893 1827 de
1977 1749 2348 1830 necestita-

787 1867 869 1936 te
922 1854 1261 1934 inducat.
1791 1879 1797 1886 ·
2004 1871 2011 1877 ·

804 2003 811 2008 -
891 1957 1300 2036 Neceffitas
1379 1955 1582 2035 enim
1652 1953 1925 2034 essendi
2014 1971 2215 2057 quae'
2264 1956 2347 2035 in

789 2058 1142 2139 creaturis
1194 2059 1569 2139 invenitur
1637 2058 1666 2158 (
1718 2083 1812 2136 ex
1878 2083 2034 2159 quo
2103 2059 2349 2159 prima

783 2160 981 2241 ratio
1033 2160 1342 2239 sumitur
1394 2159 1423 2257 )
1473 2160 1572 2240 est
1624 2161 1994 2240 necestitas
2035 2160 2342 2257 ordinis,

787 2277 879 2339 ut
932 2261 1013 2339 in
1063 2259 1637 2365 praecedentibus
1686 2263 1717 2360 (
1766 2287 1924 2362 cap.
1949 2287 2114 2343 xxx.
2170 2261 2199 2356 )
2238 2261 2341 2339 est

787 2359 1151 2445 ostensum
1195 2422 1214 2442 .
1268 2363 1677 2447 Necessitas
1742 2380 1996 2441 autem
2061 2363 2344 2442 ordinis

787 2491 945 2546 non
995 2467 1206 2568 cogit
1255 2466 1492 2570 ipsum
1545 2465 1671 2544 cui
1720 2463 1887 2542 talis
1963 2463 2145 2543 inest
2220 2489 2345 2543 ne·

780 2568 1063 2651 ceffitas
1102 2624 1134 2668 ‚
1183 2569 1468 2669 semper
1517 2565 1726 2646 fuisse
1763 2619 1794 2662 .‚
1844 2580 1930 2646 ut
1979 2564 2347 2647 ostensum

783 2669 889 2751 est
940 2673 1153 2775 supra
1203 2673 1234 2769 (
1284 2694 1445 2772 cap.
1463 2694 1634 2751 xxx.
1685 2667 1763 2748 &
1811 2692 2035 2750 xxxx.
2088 2670 2118 2768 )
2169 2668 2348 2748 licet

782 2774 995 2855 enim
1036 2773 1444 2856 *substantia
1491 2772 1653 2854 caeli
1736 2796 1866 2874 per
1937 2775 2082 2855 hoc
2150 2771 2350 2875 quod

790 2893 994 2961 mret
1075 2879 1409 2976 potentia
1482 2878 1578 2956 ad
1646 2901 1802 2955 non
1866 2877 2010 2955 effe
2090 2930 2120 2971 ,
2218 2872 2348 2952 ha-

786 2978 964 3056 beat
992 2978 1513 3056 -neceffitatem
1565 2979 1659 3055 ad
1711 2979 1852 3054 effe
1901 2978 2010 3074 (a)
2060 2976 2213 3055 haec
2240 2990 2346 3055 ta,

785 3101 965 3157 men
1019 3077 1391 3156 neceffitas
1426 3078 1769 3179 sequitur
1817 3074 1973 3173 ejus'
2032 3075 2346 3155 substan-

789 3178 1022 3258 tiam:
1080 3179 1274 3258 unde
1348 3177 1774 3259 substantia*
1816 3176 1973 3273 eius
2038 3176 2191 3275 jam
2264 3178 2348 3257 in

786 3283 932 3364 ess'e
978 3279 1387 3378 instituta„
1437 3280 1612 3360 talis
1660 3280 2033 3361 neceffitas
2109 3280 2348 3380 impo-

788 3382 1315 3466 tentialitatem
1350 3407 1504 3461 non
1537 3382 1810 3460 essendi
1844 3382 2127 3461 inducit
2152 3405 2351 3475 3non

787 3503 1044 3569 autem
1097 3483 1280 3567 facit
1351 3485 1493 3564 effe
1574 3482 2013 3586 impoffibile
2084 3484 2350 3563 caelum

788 3614 947 3670 non
990 3589 1140 3667 'effe
1194 3588 1277 3666 in
1330 3586 1913 3667 consideratione
1993 3611 2142 3687 qua
2193 3584 2349 3686 agi-

790 3707 915 3769 tur
946 3691 1065 3769 'de‘
1105 3687 1588 3806 productione
1642 3686 2048 3767 substantiae
2094 3685 2348 3788 ipfius.

808 3836 816 3847 ·
894 3790 1258 3870 Similiter
1306 3792 1540 3869 etiam
1579 3790 1816 3868 virtus
1838 3789 2105 3868 effendi
2159 3790 2339 3867 sem-

790 3913 923 3996 per
972 3894 1001 3989 (
1057 3916 1148 3971 ex
1195 3917 1346 3992 qua
1398 3890 1837 3991 procedebat
1874 3891 2182 3970 secunda
2233 3915 2341 3968 ra-

788 3995 903 4075 tio
956 3993 985 4094 )
1034 3993 1522 4096 praesupponit
1597 3990 2007 4072 substantia:
2082 3993 2343 4094 produ-

789 4096 1122 4177 aionem
1160 4125 1181 4175 :
1234 4097 1427 4176 unde
1474 4118 1652 4174 cum
1702 4095 1793 4173 de
1856 4091 2344 4193 ‚produfflone

792 4199 1202 4280 substantiae
1252 4197 1437 4279 caeli⁴
1467 4198 1713 4298 agitur
1758 4249 1784 4291 ‚
1818 4228 1825 4235 ¹
1861 4194 2033 4275 talis
2107 4196 2341 4274 virtus

794 4298 1389 4401 sempiternitatis
1435 4317 1955 4400 argumentum
1977 4297 2342 4376 sufficiens

789 4400 936 4479 csse
988 4427 1143 4479 non
1194 4400 1466 4502 potest.

889 4505 1155 4585 Motus
1205 4504 1435 4582 etiam
1470 4501 2130 4604 sempiternitatem
2180 4523 2339 4578 non

789 4604 998 4704 cogit
1019 4628 1198 4693 2nos
1252 4628 1521 4703 ponere
1572 4605 1761 4685 ratio
1810 4602 2335 4703 consequenter

789 4704 1131 4788 inducta.
1187 4707 1610 4808 Jam.enim
1662 4722 1863 4805 patet
1930 4706 2130 4806 quod
2185 4702 2339 4781 abs·

846 4834 940 4890 ue
989 4806 1404 4887 mutatione
1454 4805 1605 4886 Dei
1644 4808 1927 4905 agentis
1978 4806 2208 4909 potest
2247 4805 2348 4901 es<

916 4912 1454 5015 quod.novum
1498 4922 1674 5009 agat
1750 4932 1908 4986 non
1979 4909 2349 5010 sempiter-
2389 5006 2394 5013 ,
2454 4908 2921 5007 particulari,
2972 4909 3105 5011 qui
3154 4910 3384 4995 etiam
3435 4932 3588 4988 non
3638 4906 3736 4987 est

872 5048 879 5054 ⁴
2319 5053 2361 5101 λ

2455 1130 2846 1227 agentium
2900 1133 2992 1211 ad
3045 1136 3448 1236 specierum
3498 1145 3600 1242 (b)
3657 1143 4017 1249 perpetui-

2456 1247 2692 1312 tatem
2745 1234 2773 1332 (
2823 1260 2915 1312 ex
2966 1263 3120 1337 quo
3170 1261 3432 1340 quarta
3504 1247 3699 1327 ratio
3772 1275 4019 1350 proce-

2415 1334 2674 1450 debat
2724 1335 2755 1432 )
2803 1339 3079 1440 praesup
3180 1344 3294 1422 nit
3343 1351 3714 1428 naturalia
3798 1378 4022 1452 agen-

2449 1451 2559 1514 tia
2593 1461 2762 1538 ‘jam
2813 1444 3046 1538 produ
3120 1469 3164 1522 a
3202 1472 3219 1521 :
3255 1497 3260 1504 «
3296 1449 3489 1526 unde
3557 1450 3809 1531 locum
3867 1481 4020 1534 non

2453 1536 2681 1655 habet
2735 1539 2894 1656 liaec
2944 1546 3138 1627 ratio
3189 1547 3322 1627 nili
3381 1551 3462 1628 in
3540 1556 3754 1634 rebus
3808 1574 4018 1636 natu-

2453 1641 2724 1722 ralibus
2777 1649 2932 1743 jam
2981 1650 3063 1728 in
3121 1651 3277 1729 effe
3339 1654 3721 1758 ,productis
3761 1712 3788 1753 ‚
3861 1683 4015 1737 non

2445 1763 2698 1864 autern
2769 1773 2948 1828 cum
3038 1753 3128 1832 de
3199 1778 3445 1836 rerum
3520 1757 4006 1855 productione

2444 1867 2730 1948 agitur.
2787 1852 3067 1933 Utrum
3118 1873 3370 1937 autem
3422 1863 3700 1939 neceffe
3738 1861 3823 1940 sit
3874 1886 4001 1961 po-

2449 1975 2623 2030 nere
2673 1958 3234 2053 generationem
3289 1984 3417 2060 per
3465 1979 3641 2042 etuo
3713 1965 4006 2044 duratu-

2447 2079 2648 2151 ram,
2699 2054 2784 2172 in
2839 2056 3302 2175 sequentibus
3353 1986 3766 2151 offendetur
3793 2123 3814 2144 .

2461 2221 2466 2226 .
2535 2161 2779 2236 Ratio
2856 2176 3086 2239 etiam
3163 2165 3425 2262 quinta
3511 2192 3602 2244 cx
3677 2183 4014 2266 tempore

2443 2257 2745 2373 inducia
2794 2264 3557 2345 aeternitatemmotus
3590 2268 3829 2366 magis
3855 2268 4010 2367 sup-

2444 2376 2662 2460 ponit
2709 2386 2938 2463 quam
2969 2366 3273 2466 probet.
3324 2368 3748 2447 Cumenim
3772 2366 4006 2468 prius,

2442 2462 2520 2540 &
2570 2447 2920 2562 posterius
2937 2524 2966 2564 ‚
3013 2467 3091 2546 8<
3140 2467 3591 2548 continuitas
3645 2470 4000 2569 temporis

2449 2562 2792 2682 sequatur
2840 2566 3041 2667 prius
3107 2567 3183 2647 8<
3231 2566 3583 2670 posterius
3627 2625 3654 2666 ‚
3703 2570 3781 2650 8<
3827 2594 4006 2650 con-

2448 2681 2915 2748 nnmmtem;
2959 2685 3207 2751 motus
3242 2726 3272 2769 ‚
3346 2671 3744 2752 seeundum
3840 2671 4004 2753 Ari·

2450 2766 2744 2857 stotelis·
2765 2770 3189 2877 dostrinam
3237 2773 3268 2873 (
3355 2780 3490 2855 IV.
3565 2773 3790 2878 Pbyss·
3831 2788 4009 2853 text.

2427 2896 2724 2951 comm.
2778 2898 2993 2954 xcix.
3049 2874 3309 2976 )patet
3356 2880 3555 2978 quod
3582 2874 3752 2955 ideo
3804 2875 4004 2953 idem

2446 2973 2719 3053 instans
2772 2974 2873 3054 est
2923 2975 3370 3077 principium
3397 3014 3400 3017 ·
3425 2978 3649 3059 futuri
3705 3031 3733 3073 .,
3799 2977 3873 3056 8<
3927 2975 4011 3054 fi·

2449 3075 2569 3154 nis
2616 3076 2965 3177 praeteriti
3003 3133 3033 3176 ‚
3080 3080 3260 3180 quia
3311 3080 3592 3181 aliquid
3644 3079 4010 3178 lignatum
4121 3134 4126 3139 ,

2441 3175 2534 3277 in
2580 3193 2799 3258 motu
2850 3178 2951 3259 est
3001 3181 3503 3285 principium,
3551 3183 3627 3261 8<
3676 3180 3844 3281 finis
3895 3180 4008 3260 di-

2449 3278 2821 3361 versarum
2874 3282 3196 3383 partium
3227 3303 3475 3366 motus
3500 3343 3519 3361 .
3575 3286 3766 3363 Non
3794 3306 4010 3382 opor‘

2452 3379 2642 3459 tebit
2695 3382 2929 3483 igitur
2976 3410 3204 3465 omne
3255 3386 3524 3467 instans
3574 3383 4006 3484 hujusmodi

2448 3482 2593 3561 esse
2643 3535 2671 3581 ‚
2709 3484 2860 3563 ‘nisi
2908 3512 3137 3566 omne
3192 3489 3480 3588 lignum
3530 3486 3612 3565 in
3667 3508 4006 3584 ternpore

2448 3603 2879 3703 acceptum,
2929 3587 3018 3668 fit
3067 3591 3398 3668 medium
3455 3589 3648 3668 inter
3698 3587 3895 3688 prius
3926 3586 4003 3663 &

2449 3686 2802 3788 posterius
2854 3688 2934 3767 in
2986 3707 3197 3768 motu
3255 3718 3273 3768 :
3326 3688 3523 3792 quod
3575 3686 3673 3764 est
3728 3709 4004 3786 ponere
4149 3746 4156 3751 »

2442 3805 2738 3867 motum
2788 3788 3312 3888 sempiternum
3333 3847 3353 3866 .
3413 3791 3696 3866 Ponens
3748 3803 4013 3865 autem-

2435 3906 2735 3969 motum
2787 3890 3135 3966 effe-non
3206 3888 3736 3989 sempiternum
3781 3944 3808 3984 ‚
3879 3914 4006 3988 po-

2446 3989 2580 4069 test
2601 3990 2869 4068 *dicere
2894 4043 2923 4085 ‚
2974 3989 3301 4090 primum
3328 3990 3595 4072 instans
3646 3991 4001 4091 temporis

2444 4093 2583 4170 effe
2656 4091 3103 4192 principium
3185 4092 3412 4173 futuri
3463 4151 3489 4189 ‚
3571 4094 3645 4172 8<
3721 4092 3998 4172 nullius

2444 4192 2784 4293 praeteriti
2833 4194 3066 4273 finem
3103 4252 3122 4271 .
3181 4200 3350 4276 Nec
3425 4213 3784 4297 repugnat
3853 4195 4004 4271 suc-

2443 4294 2738 4372 cessioni
2807 4298 3162 4399 temporis
3243 4300 3442 4398 quod
3529 4315 3844 4397 ponatur
3917 4296 3999 4373 in

2444 4394 2605 4495 ipso
2657 4396 2956 4498 aliquod
2981 4428 3177 4477 nunc
3226 4400 3723 4502 principium,
3746 4401 4003 4479 &non

2441 4495 2612 4577 fin‘s
2648 4552 2675 4594 ‚
2725 4517 3024 4601 propter
3093 4500 3234 4581 hoc
3301 4505 3499 4602 quod
3567 4502 3763 4589 linea
3806 4555 3833 4595 ‚
3912 4499 3994 4575 in

2436 4524 2581 4791 quill
2635 4603 2934 4700 ponitur
3005 4603 3316 4704 Ριιηᾶιιε
3380 4604 3651 4703 aliquis
3732 4601 4003 4702 princi·

2445 4702 2513 4802 p‘
2574 4729 2708 4801 m,
2757 4706 2833 4784 8<
2883 4730 3038 4785 non
3089 4703 3430 4803 finis‚est
3483 4706 3713 4801 stam,
3763 4704 4010 4783 &non

2452 4804 2685 4908 linens
2745 4834 2788 4884 .·
2825 4808 3004 4906 quia
3056 4807 3284 4886 etiam
3337 4808 3417 4887 in
3491 4826 3702 4887 motu
3756 4807 4012 4906 aliquo

3790 4907 4006 4993 stam,

3843 5002 3852 5009 ’
3880 5004 4002 5090 sed

816 5051 829 5062 Q
1138 5048 1145 5059 Ι

968 5090 973 5095 .
1242 5076 1247 5083 ’
1344 5070 1407 5095 ⁸⁸³
3319 5073 3329 5079 ”
3501 5070 3543 5082 ⁴*
3641 5064 3650 5077 ι

788 5096 3859 5179 m———q

864 5175 960 5247 (a)
997 5178 1083 5231 At.
1118 5190 1227 5261 npn
1259 5188 1437 5232 umen
1451 5212 1469 5232 .

2459 5170 2556 5239 (b)
2594 5175 2679 5229 Al.
2721 5173 3090 5242 proprietatem
3106 5207 3124 5228 .
