4597 5696
1299 357 1888 423 CONTRA
1977 350 2721 419 GENT1LEs
2809 350 3059 414 LIB.
3148 352 3203 413 1.
3707 322 3857 425 ‘45

681 478 691 489 “
764 505 836 576 4
891 481 1125 557 Item.
1179 479 1405 575 Quod
1453 477 1767 554 univoce
1840 476 1927 551 de
1980 474 2194 574 pluri-

662 578 798 656 bus
849 579 1266 679 praedicatur
1297 632 1325 673 ‚
1374 596 1493 655 utr
1590 602 1682 654 ue
1754 575 2049 679 illorum
2118 576 2207 652 ad
2309 555 2483 641 Qd

662 680 908 756 minus
961 678 1350 757 secundum
1401 679 1553 754 inte
1613 692 1857 754 ectum
1928 675 2208 773 simpli-

638 780 818 855 ·cius
871 775 1005 853 est.
1063 783 1227 854 Deo
1277 795 1523 855 autem
1565 801 1801 875 neque
1822 776 2210 853 secundum

620 968 623 969 ⁷
663 879 1027 955 rationem
1098 901 1331 975 neque
1349 878 1735 957 secundum
1757 875 2213 954 intellectum

664 994 905 1093 potest
986 1001 1026 1052 e
1058 1002 1133 1053 se
1203 976 1477 1076 aliquid
1548 974 1952 1087 simplicius
1998 1034 2018 1052 .
2077 973 2215 1053 Nil

2547 474 2602 535 C
2689 474 2749 536 Α
2837 468 2884 528 Ρ
2975 469 3030 528 U
3121 466 3182 525 T
3307 467 3621 529 xxxm.

2545 576 2610 615 ea
2664 572 2790 633 quoe
2845 546 2915 608 de
2956 550 3076 608 Deo
3105 590 3125 623 ,
3173 542 3250 607 (9⁶
3290 547 3427 605 aliis
3465 546 3625 613 rebus
3662 547 3867 625 praedi.

2493 654 2719 710 cantur,
2763 649 2868 691 non
2908 627 3173 689 dicuntur
3205 642 3341 707 pure
3380 627 3691 704 equivoce.

2961 749 3066 813 loc.
3107 745 3204 806 cit.

2316 878 2550 1062 EX
2590 873 2958 991 praemiffis
2984 869 3211 948 etiam
3238 880 3436 965 patet
3487 867 3687 966 quod
3709 820 3864 983 non

2532 976 2882 1076 quicquid
2933 973 3023 1048 de
3079 973 3291 1063 Deo,
3339 968 3645 1047 &rebus
3696 968 3862 1047 alus

668 1078 897 1174 igitur
949 1077 1036 1153 de
1096 1080 1258 1154 Deo
1306 1079 1621 1157 univoce
1659 1131 1689 1173 ,
1763 1094 1836 1155 ct
1888 1076 2053 1154 aliis
2106 1099 2211 1152 re·
2314 1078 2804 1177 praedicatur3
2875 1070 3264 1150 secundum
3335 1093 3590 1167 puram
3641 1070 3866 1169 aequi-

669 1179 804 1253 bus
857 1176 1277 1275 praedicatur
1328 1233 1347 1256 .

2317 1178 2790 1257 vocationem
2821 1173 3087 1252 dicitur
3110 1228 3136 1266 ,
3187 1166 3367 1248 ficut
3393 1195 3480 1247 ea
3510 1192 3668 1267 qua:
3701 1172 3865 1249 sunt

654 1320 661 1327 ·
780 1299 841 1371 ς.
901 1276 1239 1375 Amplius
1273 1335 1293 1353 .
1385 1279 1610 1377 Quod
1703 1279 1793 1355 de
1884 1276 2214 1374 pluribus
2315 1304 2359 1355 a
2408 1278 2574 1356 casu
2624 1275 3038 1374 aequivoca.

649 1376 1090 1475 1praedicatur
1138 1378 1452 1456 univoce
1532 1379 1924 1457 secundum
2002 1375 2218 1476 parti·

670 1476 1119 1575 cipationem
1139 1532 1166 1572 ,
1217 1479 1524 1557 cuilibet
1573 1503 1828 1556 eorum
1869 1476 2219 1555 convenit

672 1578 762 1654 de
812 1601 962 1675 quo
1012 1578 1470 1676 pra-dicam:
1525 1603 1701 1655 nam
1755 1578 2023 1677 species
2065 1601 2218 1675 par·

669 1676 971 1774 ticipare
1022 1675 1288 1767 dicitur
1338 1702 1610 1775 genus,
1661 1695 1735 1753 et
1759 1676 2219 1753 individuum

673 1776 1027 1874 speciem.
1086 1779 1201 1852 De
1236 1782 1400 1853 Deo
1450 1793 1693 1854 autem
1733 1776 1921 1852 nihil
1955 1776 2220 1851 dicitur

649 1900 802 1975 per
854 1873 1525 1973 participationem:
1579 1899 1754 1951 nam
1783 1897 2005 1953 omne
2027 1874 2223 1970 quod

672 1975 1149 2087 participatur
1176 2028 1200 2068 ‚
1254 1974 1773 2052 determinatur
1808 1976 1899 2051 ad
1920 1974 2224 2050 modum

521 2083 532 2092 '
651 2073 1154 2173 participati,
1227 2088 1304 2149 et
1373 2074 1478 2149 sic
1550 2074 1949 2171 partialiter
1987 2127 2015 2164 .,
2064 2074 2224 2148 sive

654 2171 1200 2272 particulariter
1252 2172 1555 2248 habetur
1581 2225 1607 2264 ‚
1659 2190 1733 2250 et
1783 2198 1935 2249 non
1987 2170 2227 2247 secun-

652 2275 852 2350 ·dum
933 2291 1236 2348 omnem
1310 2268 1775 2369 perfectionis
1848 2271 2152 2348 modum
2204 2326 2224 2345 .

584 2402 587 2405 ¹
678 2374 996 2469 Oportet
1046 2368 1275 2468 igit'ur
1325 2368 1512 2446 nihil
1567 2371 1655 2446 de
1710 2377 1876 2454 Deo
1914 2423 1944 2467 ‚
1993 2387 2072 2447 et
2121 2393 2227 2445 re-

675 2471 811 2548 bus
862 2470 1024 2546 aliis
1076 2469 1389 2548 univoce
1440 2471 1809 2568 praedicari
1861 2527 1881 2546 .
1926 2481 1935 2489 ’

778 2575 847 2647 6.
906 2569 1204 2647 Adhuc.
1259 2570 1483 2665 Quod
1535 2572 1955 2666 praedicatur
1986 2571 2074 2648 dc
2095 2568 2223 2647 ali-

624 2716 645 2734 ·
677 2669 942 2769 quibus
997 2669 1385 2746 secundum
1439 2670 1634 2766 prius
1688 2689 1763 2748 et
1814 2670 2168 2768 posterius
2198 2722 2225 2763 ‚

656 2788 958 2847 'certum
1012 2768 1107 2845 est
1162 2768 1473 2844 univoce
1549 2794 1702 2846 non
1780 2769 2148 2870 praedicari
2201 2795 2219 2841 τ

675 2893 853 2947 nam
904 2869 1098 2968 prius
1150 2870 1229 2945 in
1282 2868 1729 2947 diffinitione
1812 2868 2223 2969 posterioris

679 2966 1074 3045 includitur
1115 3020 1140 3059 ‚
1210 2968 1397 3046 sicut
1469 2969 1856 3049 substantia
1912 2970 1991 3046 in
2041 2969 2229 3047 diffi-

684 3066 967 3143 nitione
1021 3067 1409 3145 accidentis
1460 3123 1488 3162 ‚
1565 3068 1959 3147 secundum
2031 3071 2231 3168 quod

682 3165 784 3245 est
835 3190 962 3242 ens
1000 3222 1019 3242 .
1091 3167 1166 3244 Si
1220 3167 1444 3264 igitur
1513 3169 1871 3248 diceretur
1921 3171 2232 3247 univoce

680 3289 812 3344 ens
865 3267 953 3342 de
1007 3265 1434 3359 substantia,
1486 3284 1562 3343 et
1585 3269 1953 3345 accidente
1980 3294 2234 3366 ‚opor-

683 3382 878 3445 teret
929 3366 1153 3443 etiam
1208 3366 1401 3463 quod
1448 3367 1830 3444 {ubstantia
1855 3386 2239 3465 poneretur

685 3465 774 3543 in
824 3464 1269 3545 diffinitione
1322 3466 1512 3542 entis
1569 3467 1958 3544 secundum
2045 3467 2241 3564 quod

682 3567 781 3644 de
835 3563 1224 3642 substantia
1277 3566 1767 3662 praedicatum·
1795 3567 1990 3666 quod
2043 3582 2240 3664 patet

687 3667 830 3743 effe
882 3664 1359 3762 impoffibile.
1418 3665 1637 3743 Nihil
1670 3679 1916 3744 autem
1967 3669 2054 3744 de
2077 3671 2243 3743 Deo

686 3780 766 3844 et
815 3766 1027 3842 rebus
1079 3764 1243 3841 aliis
1298 3766 1725 3862 praedicatur
1803 3766 2061 3844 eodem
2130 3790 2241 3844 or-

693 3865 909 3958 dine,
982 3864 1099 3942 sed
1175 3865 1563 3944 secundum
1645 3867 1841 3965 prius
1892 3886 1968 3944 et
2017 3865 2241 3965 poste-

686 3965 838 4042 rius
866 4018 891 4058 ‚
943 3989 1171 4060 quum
1223 3964 1312 4039 dc
1335 3967 1505 4043 Deo
1556 3968 1810 4045 omnia
1863 3967 2245 4066 praedicen-

691 4080 813 4142 tur
894 4062 1417 4140 essentialiter:
1505 4067 1778 4144 dicitur
1845 4069 2047 4143 enim
2116 4092 2242 4143 ens

687 4163 1099 4262 quasi.ipsa
1152 4163 1457 4241 essentia
1498 4218 1526 4259 ‚
1606 4182 1681 4242 et
1755 4167 1986 4245 bonus
2040 4165 2246 4263 quasi

689 4260 845 4359 ipsa
896 4261 1276 4372 ‚bonita33
1352 4265 1441 4340 de
1524 4265 1688 4342 aliis
1764 4284 2010 4342 autern
2061 4265 2248 4342 fiunt

696 4361 1238 4460 praedicationes
1333 4388 1460 4460 per
1535 4365 2169 4464 participationem
2217 4419 2245 4458 ‚

701 4459 892 4537 sicut
944 4462 1184 4536 Sortes
1236 4460 1499 4540 dicitur
1551 4465 1822 4558 homo,
1872 4491 2025 4543 non
2051 4465 2248 4564 quod

689 4557 781 4637 fit
833 4557 979 4657 ipsa
1031 4559 1490 4658 humanitas,
1542 4564 1661 4642 sed
1707 4564 2236 4643 humanitatem

686 4659 963 4735 habens
989 4713 1007 4733 .
1068 4660 1510 4757 Impossibile
1561 4664 1661 4741 est
1699 4665 1924 4765 igitur
1958 4664 2238 4764 aliquid

689 4760 783 4845 de
835 4761 1000 4850 Deo
1025 4811 1053 4856 ‚
1105 4777 1179 4841 et
1227 4761 1442 4841 rebus
1490 4762 1656 4845 aliis
1706 4767 2017 4852 univoce
2069 4766 2236 4848 dici.

2432 1406 2489 1455 1.
2545 1379 2754 1454 Nam
2830 1375 2912 1452 in
2977 1373 3093 1449 his
3176 1395 3336 1471 quae
3392 1370 3556 1449 sunt
3603 1395 3647 1446 a
3696 1370 3865 1451 casu

2318 1477 2694 1578 aequivoca
2718 1531 2746 1572 ‚
2797 1473 3039 1553 nullus
3079 1472 3302 1565 ord0‚
3353 1487 3481 1550 aut
3506 1470 3864 1570 respectus

2319 1577 2715 1657 attenditur
2741 1576 2958 1654 unius
2975 1575 3068 1650 ad
3086 1573 3397 1651 alterum
3420 1601 3444 1665 ς
3480 1573 3598 1649 sed
3613 1571 3864 1651 omni-

2321 1705 2423 1755 no
2473 1701 2600 1776 per
2649 1678 2979 1754 accidens
3044 1671 3143 1748 est
3209 1675 3405 1768 quod
3456 1697 3685 1749 unum
3732 1698 3864 1749 no-

2322 1802 2494 1853 men
2547 1774 2839 1853 diversis
2893 1773 3103 1848 rebus
3155 1770 3624 1847 attribuitur:
3708 1794 3864 1848 non

2324 1876 2525 1951 enim
2593 1897 2869 1950 nomen
2937 1870 3355 1968 impolitum
3431 1869 3559 1947 uni
3635 1867 3866 1968 fignat

2327 1975 2564 2073 ipsum
2616 1974 2896 2049 habere·
2931 1970 3266 2048 ordinem
3336 1972 3430 2048 ad
3478 1970 3792 2048 alterum
3839 2025 3866 2049 .

2327 2076 2448 2153 Sic
2500 2089 2746 2150 autern
2797 2095 2950 2151 non
3000 2069 3101 2147 est
3150 2071 3241 2147 de
3258 2070 3869 2168 nominibusth'ae

2309 2174 2419 2250 -de
2472 2176 2637 2248 Deo
2688 2171 3024 2247 dicuntur
3047 2222 3073 2263 ‚
3124 2168 3197 2245 8<
3235 2169 3577 2265 creaturis
3596 2174 3636 2244 .’
3668 2174 3863 2248 Con·

2329 2270 2669 2348 fideratur
2720 2268 2921 2347 enim
2997 2269 3076 2345 in
3155 2267 3568 2363 hujusmodi>
3633 2269 3873 2348 norni-

2330 2374 2513 2449 n'um
2534 2368 3063 2449 communitate
3086 2371 3266 2447 ordo
3289 2368 3510 2447 causae
3533 2423 3560 2464 ‚
3585 2370 3683 2447 ’ἃ
3704 2394 3872 2450 cau-

2330 2470 2462 2549 sati
2516 2525 2544 2564 ‚
2609 2487 2693 2549 ut
2757 2496 2847 2547 ex
2918 2467 3129 2547 dietis
3201 2470 3229 2566 (
3301 2493 3453 2566 cap.
3523 2495 3739 2547 xxrx.
3790 2469 3870 2547 δε

2323 2597 2511 2650 xxxr
2531 2572 2645 2665 1.)
2695 2585 2932 2669 patet.
2989 2573 3172 2647 Non
3225 2569 3448 2666 igitur
3473 2567 3867 2647 secundum

2327 2696 2582 2769 puram
2614 2670 3265 2768 aequivocationem
3291 2668 3568 2766 aliquid
3581 2668 3871 2764 deDeo,

2328 2770 2401 2847 8<
2456 2772 2672 2851 rebus
2722 2768 2885 2846 aliis
2936 2768 3394 2866 praedicatur.

2433 2901 2501 2948 2.
2560 2871 2901 2970 Amplius
2941 2926 2961 2945 .
3042 2871 3199 2947 Ubi
3279 2868 3377 2945 est
3431 2893 3605 2967 pura
3655 2868 3874 2969 aequi-

2331 2972 2627 3050 vocatio
2654 3027 2680 3068 ,
2731 2970 2931 3049 nulla
2983 2968 3378 3049 similitudo
3431 2969 3509 3045 in
3558 2971 3769 3047 rebus
3791 2967 3875 3046 il-

2332 3070 2421 3150 lis
2474 3072 2869 3150 attenditur
2902 3127 2928 3168 ,
2982 3069 3100 3149 sed
3154 3071 3386 3150 solum
3435 3069 3704 3154 unitas>
3747 3094 3877 3149 no-

2335 3174 2602 3250 minis.
2657 3176 2938 3251 Rerum
3014 3188 3261 3250 autern
3335 3173 3428 3249 ad
3478 3173 3724 3249 Deum
3776 3168 3882 3247 est

2337 3273 2603 3369 aliquis
2657 3275 2913 3349 modus
2995 3272 3489 3350 fimilitudinis
3522 3323 3547 3362 ‚
3634 3286 3718 3348 ut
3785 3294 3880 3350 vx

2342 3371 2698 3466 praedictis
2751 3372 2948 3469 (cap.
3002 3397 3095 3449 xx
3112 3397 3214 3448 rx.
3256 3372 3285 3467 )
3336 3384 3571 3470 patet.
3623 3369 3883 3447 Relin-

2341 3470 2588 3568 quitur
2669 3492 2846 3567 ergo
2911 3472 3105 3569 quod
3175 3495 3327 3547 non
3397 3471 3727 3547 dicantur
3793 3469 3885 3547 de

2345 3573 2512 3649 Deo
2530 3569 2918 3646 secundum
2939 3595 3193 3669 puram
3209 3569 3887 3670 aequivocationem.

2449 3696 2513 3770 3.
2570 3673 2761 3746 Item
2781 3726 2801 3745 .
2857 3672 3173 3771 Quando
3222 3697 3453 3750 unum
3524 3672 3613 3748 de
3665 3671 3885 3771 pluri·

2344 3769 2477 3847 bus
2534 3770 2923 3848 secundum
2954 3795 3206 3871 puram
3234 3771 3889 3873 aequivocationem

2343 3868 2813 3970 praedicatur,
2866 3898 2955 3951 ex
3005 3899 3157 3952 uno
3206 3899 3461 3952 eorum
3532 3898 3683 3951 non
3733 3871 3891 3986 pos-

2349 3970 2590 4047 sumus
2643 3971 2809 4049 duci
2863 3973 2942 4049 in
2993 3974 3494 4073 cognitionem
3519 3974 3886 4051 alterius:

2345 4094 2522 4145 nam
2573 4072 2906 4168 cognitio
2957 4097 3199 4150 rerum
3227 4101 3376 4153 non
3420 4073 3888 4175 dependetex

2348 4169 2697 4260 vocibuS‚
2753 4170 2869 4247 sed
2922 4197 3008 4250 ex
3040 4175 3318 4251 ratione
3370 4175 3694 4253 nominis
3715 4231 3734 4248 .
3772 4177 3891 4254 Ex

2351 4268 2463 4345 his
2512 4284 2760 4346 autern
2814 4295 2968 4369 quae
3042 4272 3120 4349 in
3170 4275 3381 4353 rebus
3448 4275 3611 4353 aliis
3684 4275 3887 4353 inve·

2346 4367 2648 4445 niuntur
2673 4423 2698 4463 ‚
2778 4369 2856 4446 in
2909 4371 3329 4452 divinorum
3384 4376 3898 4477 cognitionem

3721 2796 3724 2805 ι
3821 2796 3830 2805 ι

2347 4468 2813 4568 pervenimus
2838 4522 2865 4564 ‚
2891 4488 2973 4564 ut
3025 4497 3113 4552 ex
3165 4477 3376 4556 dictis
3427 4479 3454 4575 (
3505 4503 3658 4578 cap.
3725 4505 3753 4552 1
3777 4502 3888 4554 11.

2340 4570 2413 4644 8<
2466 4593 2678 4647 xxxr.
2733 4569 2761 4666 )
2811 4587 3009 4674 patet
3046 4631 3064 4649 .
3120 4578 3304 4654 Non
3360 4577 3881 4678 igitur.secun-

2338 4669 2515 4779 dum
2566 4694 2821 4767 puram
2835 4676 3494 4772 tequivocationem
3542 4680 3879 4759 dicuntur

2338 4767 2750 4862 hujusmodi
2800 4776 3145 4858 attributa
3194 4780 3285 4860 de
3337 4784 3549 4880 Deo,
3598 4782 3674 4860 8<
3720 4782 3908 4862 aliis,

2339 4869 2553 4952 rebus
2601 4925 2624 4952 .

3523 5017 3532 5024 ·
3608 5009 3686 5081 4·
3737 4975 3908 5082 Ad.
