4597 5696
725 453 764 498 2
781 431 872 511 3ss

1352 414 1492 481 ΒΕ
1549 413 2135 483 VERITATE
2191 412 2920 485 CA'THOL-IOAE
2968 414 3292 492 wrm-:1
3416 483 3425 490 ,

741 539 983 642 igitur
1032 531 1351 615 scientiar
1404 531 1504 611 est
1556 528 1639 608 in
1689 530 2082 614 intelleRu
2137 537 2289 636 pos-
2394 554 2562 640 pter
2609 539 3312 625 bonitatemharum
3363 545 3935 653 virtutmwprfae.

745 641 984 736 fibili,
1046 661 1200 716 non
1258 634 1532 735 paffivo
1550 689 1573 709 .

2395 658 2696 739 paratur
2727 697 2756 738 ‚
2807 644 2899 721 ad
2957 643 3103 724 hoc
3170 648 3378 747 quod
3432 647 3753 731 faciliter
3801 654 3934 736 fiat

783 770 792 798 ³
856 772 925 822 2.
982 739 1280 820 Adhuc.
1318 792 1340 813 .
1399 735 1764 844 Scientia.
1806 736 1906 816 est
1974 738 2068 819 de
2117 767 2291 823 con·
2398 743 2877 845 intelligibile
2924 744 3096 825 astu
3153 773 3282 845 per
3334 749 3802 832 intelletium
3857 783 3933 835 a·

746 843 1198 936 &lusionibus
1247 838 2028 920 demonstrationum:
2111 867 2290 923 nam
2393 864 2698 945 gentem
2748 901 2769 922 .
2841 847 3375 947 Dispositiones
3448 871 3703 933 autem
3775 882 3941 956 qua

749 940 1300 1048 demonstratio
1332 940 1434 1020 est
1486 940 1954 1056 syllogismus
1984 943 2293 1026 faciens
2394 947 2562 1026 sunt
2615 973 2707 1026 ex
2756 970 2966 1051 parte
2994 949 3516 1051 obieti'toruxm
3570 959 3941 1039 nonsunt

744 1052 1002 1144 scire-a,
1055 1065 1144 1125 ut
1193 1041 1638 1125 ¹Aristoteles
1687 1043 1874 1123 dicit
1924 1046 2003 1125 in
2042 1051 2100 1126 Ι.
2158 1051 2288 1128 Po·
2399 1046 2923 1149 habitus5-sed
2976 1076 3142 1153 quae
3198 1052 3367 1135 sunt
3404 1081 3497 1135 ex
3550 1077 3762 1157 parte
3812 1086 3940 1160 po-

746 1152 1138 1234 steriorum
1171 1149 1236 1256 .(
1290 1163 1472 1227 text.
1525 1168 1721 1224 com.
1773 1171 1848 1224 v.
1901 1146 1931 1246 )
1975 1151 2311 1238 conclu-

743 1254 985 1336 nones
1038 1269 1295 1332 autem
1346 1245 2069 1329 demonstrationum
2130 1253 2304 1332 sun't

748 1353 1202 1436 universales
1254 1408 1283 1450 .,
1333 1350 1518 1429 ficut
1570 1349 1644 1428 8(
1697 1350 2065 1452 principia
2099 1410 2120 1430 .
2177 1355 2305 1435 Est

750 1457 1129 1560 igitur‘in
1185 1454 1314 1533 illa
1348 1452 1629 1530 virtute
1677 1476 1842 1552 quae
1895 1453 1997 1532 est
2045 1459 2303 1557 cogni-

756 1556 1474 1641 tiva‘universalium
1501 1611 1522 1631 .
1581 1554 2016 1636 Intellefiius
2048 1579 2303 1638 autem

755 1661 1076 1768 passivus
1149 1685 1301 1738 non
1380 1655 1482 1734 est
1532 1659 2086 1754 cognoscitivus
2138 1661 2305 1739 uni-

754 1764 1208 1857 ver-salium,
1255 1759 1377 1838 sed
1433 1759 2004 1859 particularium
2065 1761 2306 1843 inten-

756 1866 1058 1945 tionum
1098 1920 1119 1941 .
1195 1865 1378 1944 Non
1451 1858 1552 1940 est
1606 1859 1843 1961 igitur
1890 1862 2303 1964 subieeium

753 1967 1058 2050 habitus
1091 1964 1449 2046 scientiae.
2253 1971 2274 2018 h

849 2099 932 2173 3.
987 2073 1377 2149 Praeterea.
1432 2069 1713 2146 Contra
1749 2066 1921 2146 hoc
1953 2067 2119 2148 sunt
2150 2069 2311 2167 plu-

759 2196 876 2253 res
953 2171 1285 2251 rationes
1370 2166 1699 2248 adduCiae
1752 2170 1978 2266 supra‘
2032 2223 2068 2262 ‚
2130 2196 2307 2249 cum
2422 2199 2427 2204 ·

757 2273 853 2352 de
930 2272 1210 2349 unione
1279 2267 1706 2364 intelleCius
1781 2269 2145 2369 ‘poffibilis
2210 2271 2309 2351 ad

755 2373 1152 2461 hominem
1209 2390 1603 2472 ageretur.

861 2476 1189 2556 Videtur
1239 2489 1493 2552 autem
1575 2494 1669 2550 ex
1720 2469 1866 2548 hoc
1919 2469 2135 2551 fuisse
2184 2472 2304 2551 de-

757 2577 1025 2680 ceptio
1074 2575 1155 2655 in
1212 2574 1558 2674 ponendo
1595 2627 1622 2670 ‚
1676 2571 2027 2653 habitum
2078 2573 2307 2653 scien·

757 2682 884 2763 tiae
940 2681 1022 2760 in
1077 2675 1468 2756 intelle-&u
1520 2675 1797 2776 paffivo
1848 2677 1991 2753 effe
2041 2729 2069 2772 ‚
2120 2677 2305 2778 quia

759 2783 1112 2866 homines
1186 2779 1676 2895 inveniuntur
1759 2777 2311 2879 promptiores,

759 2886 888 2965 vel
941 2887 1193 2963 minus
1262 2899 1597 2982 prompti
1679 2882 1773 2960 ad
1826 2881 2319 2961 scientiarum

761 2984 1387 3067 considerationes
1471 2982 1874 3060 secundum
1942 2983 2311 3063 diversam

758 3083 1316 3186 dispositionem
1369 3081 1674 3160 virtutis
1700 3083 2130 3183 cogitativae
2159 3137 2185 3181 ‚
2222 3084 2311 3164 ἃ

762 3183 1324 3289 imaginativae.
1762 3211 1765 3214 ·

817 3302 822 3305 ’
880 3318 944 3369 1.
997 3288 1138 3369 Sed
1194 3284 1322 3367 ista
1378 3282 1895 3385 promptitudo
1946 3286 2318 3387 dependet

766 3392 868 3473 ab
924 3390 1079 3475 illis
1129 3388 1535 3468 virtutibus
1573 3388 1883 3467 ficutex
1911 3388 2315 3488 dispofitio-

759 3495 994 3575 nibus
1031 3490 1357 3571 'remotis
1410 3546 1436 3586 ‚
1489 3505 1712 3590 prout
1761 3490 1995 3570 etiam
2048 3491 2316 3591 depen-

764 3596 899 3675 det
950 3624 991 3675 a
1047 3594 1394 3673 bonitate
1466 3589 1708 3671 tafflus
1758 3646 1784 3687 ‚
1846 3593 1922 3672 8<
1971 3593 2312 3692 corporis

758 3719 934 3777 com
991 3696 1288 3775 lexione
1336 3748 1364 3791 ‚
1417 3692 1819 3772 secundum
1871 3696 2074 3795 quod
2125 3694 2310 3775 dicit

764 3797 910 3880 Ari
970 3794 1350 3876 otelesin-
1391 3796 1493 3875 11.
1562 3794 1655 3873 de
1709 3794 1999 3877 Anima
2048 3794 2081 3897 (
2167 3812 2312 3876 ext.

764 3919 1051 3980 comm.
1103 3896 1780 3996 xciv.)·bomines
1835 3897 2014 3977 boni
2047 3915 2123 3980 ta
2202 3923 2318 3996 us,

759 3998 838 4082 ἃ
897 3997 1162 4080 mollis
1230 3998 1476 4080 carnis
1519 4053 1553 4095 3
1621 3999 1763 4079 effe
1835 4000 2028 4081 bene
2098 4019 2316 4101 aptos

762 4116 1024 4184 mente
1061 4160 1080 4181 .
1151 4104 1270 4183 Ex
1333 4100 1603 4182 habitu
1675 4116 1928 4181 autem
2000 4102 2318 4184 scientiae

765 4203 956 4288 inest
1024 4202 1341 4286 facultas
1409 4200 1919 4285 considerandi
1988 4204 2169 4284 sieut
2222 4230 2316 4285 ex

761 4304 1120 4411 proximo
1273 4304 1603 4405 rincipio
1682 4305 1944 4386 aetus:
1991 4323 2314 4407 -oportet

585 4492 589 4497 .
754 4404 978 4488 ‘enirn
1032 4330 1268 4511 quod)
1288 4406 1596 4487 habitus
1624 4406 1946 4489 scientiae
1983 4407 2319 4510 perficiat

765 4507 1198 4612 potentiam
1258 4533 1405 4609 qua
1461 4508 1962 4611 intelligimus
2012 4564 2039 4606 ,
2107 4529 2194 4589 ut
2244 4538 2317 4591 a·

771 4628 908 4713 gat
958 4633 1136 4690 cum
1189 4610 1524 4692 voluerit
1575 4609 1893 4692 faciliter
1942 4665 1971 4709 ‚
2020 4606 2202 4690 ficut
2241 4610 2320 4691 Bt

773 4711 909 4796 alii
960 4709 1264 4794 habitus
1285 4713 1661 4813 potentias
1712 4714 1794 4794 in
1828 4714 2102 4816 quibus
2128 4713 2315 4795 sunt.

769 4830 808 4857 ‘⁰
878 4842 951 4894 2.
1009 4817 1201 4895 Item
1237 4869 1258 4893 .
1319 4812 1877 4913 ‘Dispositiones
1947 4812 2318 4917 pondi-sta»

767 4938 948 4998 rum
999 4916 1615 5019 virtutum-‘sunt
1665 4940 1789 4994 ‘ex
1845 4922 2070 5023 'parte
2119 4919 2319 5018 obie-

757 5016 935 5125 ὅθί,
979 5017 1823 5127 scilicet-phantasmatis
1846 5056 1883 5119 ‚·
1927 5020 2317 5124 quodpro-

2409 1151 2815 1232 tentiarum
2857 1182 2876 1231 ε
2931 1180 3085 1233 non
3164 1157 3369 1236 enirn
3422 1159 3936 1256 dispositiones

3106 1385 3129 1437 1
3325 1391 3375 1440 o
3445 1390 3466 1440 1
3640 1389 3757 1444 ms
3851 1392 3893 1444 e

2404 1412 2783 1573 disposi’tio
2829 1476 2980 1561 qua
3035 1486 3197 1559 pars
3265 1463 3531 1543 animae
3571 1519 3598 1559 ‚
3664 1420 3948 1547 scil’icet

2412 1561 2803 1641 irascibilis
2838 1599 2889 1660 ,κ
2940 1562 3357 1662 disponitur
3426 1567 3519 1646 ad
3574 1569 3945 1650 terribilia

2405 1647 2837 1752 sustinenda
2861 1719 2887 1741 .
2982 1668 3188 1766 Ergo
3285 1667 3754 1747 manifestum
3844 1669 3949 1750 est

2409 1764 2615 1862 quod
2688 1757 2985 1846 Habitus
3054 1765 3376 1848 scientiae
3450 1796 3601 1849 non
3693 1771 3793 1850 est
3862 1771 3946 1852 in

2408 1864 2796 1945 inteneau
2855 1868 3183 1969 paffivo,
3235 1893 3322 1950 ut
3375 1875 3951 1954 Commentator

2419 1966 2807 2067 pradinas
2856 1970 3108 2066 dicit,
3175 1972 3296 2052 sed
3370 1974 3613 2075 magis
3682 1974 3766 2054 in
3839 1976 3949 2054 in-

2415 2067 2722 2149 tellefiiu
2776 2072 3155 2190 possibili.
3525 2176 3545 2193 ·
3722 2135 3733 2142 .

2409 2175 3951 2380 ..1³15b353m0a3t3223ffi3353¹¹33023

2411 2389 2524 2452 tet
2589 2397 2871 2473 ponere
2962 2378 3440 2491 intelleeium
3532 2382 3951 2479 possibilem

2408 2473 2697 2573 semper
2770 2473 2974 2554 fuisse
3013 2531 3040 2572 ‚
3110 2476 3161 2553 fi
3239 2478 3587 2559 homines
3665 2482 3954 2580 semper

2410 2571 2759 2669 fuerunt,
2793 2575 2975 2657 ficut
2998 2595 3286 2677 ponunt
3322 2607 3355 2676 ‚·
3405 2580 3482 2659 8<
3509 2580 3761 2659 multo
3792 2605 3948 2661 ma-

2406 2676 2524 2778 gis
2579 2676 3456 2779 intellefiumagentem,
3503 2680 3689 2782 quia
3721 2695 3949 2783 agens

2408 2777 2509 2858 est
2579 2779 3099 2860 honorabilius
3164 2781 3496 2881 patiente
3528 2835 3560 2881 ‚
3624 2803 3713 2863 ut
3785 2783 3952 2863 Ari-

2407 2879 2706 2962 stoteles
2755 2883 2940 2962 dicit
2996 2887 3142 2962 111.
3194 2884 3286 2962 de
3344 2885 3630 2964 Anima
3682 2887 3708 2983 (
3766 2903 3951 2965 text.

2412 3008 2693 3064 comm.
2744 2983 2981 3079 xix.)
3034 2985 3174 3064 Sed
3226 2983 3278 3063 fi
3312 3010 3539 3085 agens
3589 2986 3690 3064 est
3755 3004 3956 3066 aeter-

2414 3108 2646 3180 uum,
2694 3084 2767 3164 δε
2824 3084 3188 3183 recipiens
3256 3107 3615 3165 arternum
3650 3142 3680 3184 ‚
3732 3108 3959 3188 'opor-

2420 3204 2534 3266 tet
2583 3207 2879 3284 recepta
2944 3190 3091 3266 effe
3160 3206 3431 3268 aeterna
3471 3244 3493 3266 .
3550 3193 3652 3269 Er
3703 3217 3753 3268 o
3806 3191 3956 3289 spe-

2418 3288 2570 3368 cies
2622 3289 3138 3389 intelligibiles
3189 3290 3287 3368 ab
3318 3310 3596 3373 aeterno
3682 3308 3952 3372 uerunt

2416 3387 2504 3469 in
2558 3389 2948 3470 intelleeiu
3025 3391 3407 3492 poffibili:
3486 3418 3641 3472 non
3722 3394 3954 3496 igitur

2413 3491 2509 3569 de
2556 3516 2760 3570 novo
2809 3493 2955 3571 erit
3004 3494 3211 3593 quod
3290 3494 3608 3595 recipiat
3658 3496 3957 3596 aliquas

2412 3592 2692 3692 species
2743 3593 3261 3696 intelligibiles
3295 3652 3317 3672 .
3392 3597 3518 3687 Ad
3585 3596 3771 3675 nibil
3826 3621 3951 3675 au·

2416 3711 2568 3774 tem
2620 3695 2864 3777 sensus
2912 3752 2939 3794 ,
3012 3699 3087 3776 8<
3162 3690 3536 3795 phantasia
3589 3697 3761 3775 sunt
3833 3723 3955 3776 ne·

2417 3797 2716 3876 cessaria
2785 3799 2877 3877 ad
2948 3797 3587 3896 intelligendum,
3655 3796 3788 3874 nisi
3866 3816 3953 3878 ut

2419 3899 2517 3978 ab
2566 3900 2674 3979 eis
2724 3897 3193 3997 accipiantur
3260 3896 3539 3997 species
3593 3897 3952 4000 intelligi-

2419 4001 2647 4080 biles.
2700 4000 2958 4082 Sensus
3011 3997 3244 4099 igitur
3296 4024 3451 4078 non
3519 3998 3663 4079 erit
3713 4001 3955 4081 neces-

2419 4102 2645 4182 sarius
2667 4101 2761 4179 ad
2778 4099 3353 4201 intelligendum
3377 4155 3405 4198 ‚
3458 4125 3698 4202 neque
3721 4104 3951 4218 phan-

2415 4201 2638 4299 rasta,
2687 4202 2761 4281 Β(
2814 4201 3089 4282 redibit
3131 4203 3397 4303 opinio
3451 4204 3953 4303 Platonis.(in

2418 4304 2788 4401 Menon.)
2822 4304 3025 4405 quod
3064 4303 3454 4387 stientiam
3495 4329 3650 4383 non
3701 4307 3954 4405 aequis

2422 4407 2656 4485 rimus
2709 4430 2839 4507 per
2886 4405 3125 4486 sensus
3156 4459 3185 4504 ‚
3250 4407 3370 4486 fed
3437 4407 3537 4486 ab
3603 4407 3713 4487 eis
3762 4407 3957 4487 exci-

2419 4527 2668 4589 tamur
2683 4508 2777 4590 ad
2796 4508 3449 4609 rememorandum
3503 4508 3911 4611 prius-scita
3928 4563 3953 4588 .

2516 4611 2663 4694 Sed
2714 4613 2809 4691 ad
2866 4612 3027 4692 hoc
3096 4609 3487 4711 respondet
3563 4610 3956 4712 prandiam

2418 4717 3039 4820 Commentaton
3088 4713 3289 4816 quod
3344 4711 3619 4815 species
3654 4713 3956 4794 *intelli-

2418 4816 3047 4917 gibilem-habent
3130 4815 3411 4915 duplex
3480 4814 3896 4913 muscam
3932 4824 3955 4894 ὲ

2416 4942 2512 4997 ex
2566 4944 2719 4998 uno
2768 4943 3096 5019 quorum
3126 4918 3407 4998 babent
3448 4917 3953 4998 aeoernitaoem

2416 5020 2701 5115 seilicet
2765 5021 2865 5104 ab
2929 5015 3318 5108 intellee’tu
3387 5019 3712 5123 poffibili
3749 5018 3955 5202 ιόιῖἓ
