4597 5696
51 4897 129 5568 far-⁷&

1272 318 3187 417 eoNrnA'GENT1LEst1B.·1.·
3672 307 3832 439 ·33

638 475 867 596 Quod
913 481 1165 555 'autern
1217 473 1322 553 eft
1373 499 1500 574 per
1550 471 2187 588 participationem

634 581 986 675 anctum,
1037 601 1186 653 non
1238 575 1472 673 potest
1493 574 1640 652 esse
1690 598 2013 674 primum
2036 599 2189 668 ena,

631 680 808 767 quia
861 679 934 756 id
983 703 1134 767 quo
1181 675 1461 767 aliquid
1499 675 1887 767 participat
1937 676 2027 753 ad
2047 674 2188 753 hoc

886 3566 1062 3649 ,Quod
1103 3568 1162 3628 in
1208 3566 1332 3633 Deo
1373 3593 1478 3631 non
1510 3572 1591 3648 stt
1630 3572 1883 3636 accidens
1924 3612 1940 3630 .

634 3688 868 3873 EX
911 3688 1044 3766 hac
1081 3691 1310 3770 etiam
1362 3692 1668 3771 veritate
1696 3697 1786 3773 de
1835 3693 2202 3773 necestita-

850 3807 922 3867 te
977 3790 1300 3891 sequitur
1353 3797 1550 3892 quod
1609 3800 1772 3874 Deo
1811 3796 2018 3895 super
2046 3795 2200 3891 ejus

635 3891 1011 3987 efl‘entiam
1104 3896 1291 3972 nihil
1368 3896 1827 3993 supervenire
1899 3898 2112 3995 posfit
2167 3952 2195 3992 ‚

639 4014 876 4088 neque
930 3992 1208 4088 aliquid
1261 3995 1328 4071 ei
1355 3996 1895 4075 accidentaliter
1944 3997 2190 4074 inesse.

753 4117 809 4166 1.
867 4092 1112 4189 Ipsum
1167 4097 1374 4171 enim
1426 4097 1563 4172 esse
1588 4122 1744 4175 non
1781 4095 2008 4197 potest
2037 4123 2190 4198 par-

599 4189 941 4287 ·ticipare
995 4191 1271 4293 aliquid
1323 4197 1518 4292 quod
1570 4223 1721 4274 non
1800 4197 1880 4276 fit
1949 4202 2037 4276 de
2094 4199 2194 4275 es-

640 4289 870 4365 sentia
923 4290 1085 4379 suaa
1135 4296 1471 4393 quamvis
1524 4297 1597 4373 id
1618 4299 1816 4396 quod
1858 4297 2006 4393 est,
2039 4300 2192 4398 pos-

637 4389 730 4466 sit
805 4388 1084 4486 aliquid
1156 4395 1350 4471 aliud
1427 4398 1855 4497 participare
1911 4429 1926 4472 ε
2003 4401 2190 4477 nihil

585 4489 844 4565 'enim
907 4487 1006 4563 est
1079 4490 1508 4590 foi-malins,
1604 4518 1730 4576 aut
1801 4494 2194 4598 flmplicius

638 4614 868 4688 quam
922 4589 1102 4667 effe.
1158 4595 1439 4671 Divina
1491 4616 1737 4677 autem
1800 4600 2190 4680 substantia

636 4689 737 4766 est
791 4689 1029 4788 ipsum
1082 4694 1259 4769 esse.
1319 4698 1519 4793 Ergo
1542 4699 1731 4777 nihil
1762 4700 1981 4781 habet
2001 4705 2199 4802 quod

635 4813 788 4867 non
857 4789 945 4868 fit
1021 4793 1108 4870 de
1181 4792 1304 4871 sua
1375 4795 1758 4877 substantia
1811 4831 1825 4873 ε
1906 4804 2193 4885 nullum

633 4906 815 4989 ergo
862 4892 1192 4973 accidens
1244 4896 1312 4973 ei
1369 4896 1588 4975 inesse
1639 4901 1905 4999 potest.

734 4991 1723 5081 S.Tb.Contr.Gent.Tom.I.

2398 497 2464 547 2.
2521 467 2874 568 Amplius.
2920 524 2938 543 .
3041 468 3300 544 Omne
3376 464 3588 564 quod
3660 459 3856 562 inest

2291 570 2513 650 alicui
2583 566 3128 650 accidentaliter
3162 621 3191 663 ‚
3266 565 3485 645 habet
3554 568 3856 645 causam.

2284 671 2750 786 quareinfit‚
2781 680 2975 750 ‘cum
3025 663 3113 746 'fit
3153 684 3413 768 praeter
3464 667 3849 746 efl'entiam

2290 799 2443 871 ejus
2493 772 2631 852 cui
2672 771 2887 851 inest,
2945 771 3024 854 Si
3052 769 3609 870 igitur-aliquid
3661 769 3850 846 acci-

2289 875 2680 954 dentaliter
2733 872 2817 952 fit
2870 873 2949 952 in
3006 875 3172 951 Deo
3212 924 3240 966 ‚
3279 927 3294 950 .-
3313 876 3605 971 oportet
3652 869 3852 970 quod

2293 978 2434 1056 hoc
2487 975 2573 1055 fit
2626 1000 2754 1075 per
2806 975 3133 1075 aliquam
3169 972 3500 1050 causam.
3557 978 3717 1051 Aut
3746 995 3861 1048 er·

2340 1107 2390 1157 o
2438 1076 2649 1155 causa
2720 1076 3117 1156 accidentis
3184 1073 3283 1151 est
3356 1074 3507 1173 ipsa
3591 1073 3852 1149 divina¹

2286 1102 2717 1273 abstantia,
2769 1195 2895 1256 aut
2944 1167 3227 1277 aliquid
3276 1174 3476 1254 aliud
3513 1228 3533 1249 .
3589 1171 3667 1252 Si
3717 1172 3857 1250 ali-

2289 1282 2470 1381 quid
2522 1280 2721 1357 aliud
2741 1321 2778 1387 ‚3
2817 1295 3109 1379 oportet
3157 1277 3357 1376 quod
3427 1275 3612 1390 illud
3678 1288 3860 1389 agat

2287 1383 2371 1462 in
2423 1382 2756 1461 divinam
2810 1378 3280 1459 substantiam
3324 1403 3347 1454 t
3397 1377 3590 1455 nilnl
3642 1398 3853 1452 emm

2286 1482 2571 1563 inducit
2618 1482 2947 1581 aliquam
3000 1480 3319 1559 formam
3358 1477 3482 1559 vel
3535 1474 3855 1555 substan«

2287 1585 2542 1666 tialem
2596 1637 2623 1678 ‚
2693 1583 2816 1662 vel
2882 1581 3418 1661 accidentalem*
3464 1579 3545 1657 in
3595 1575 3852 1676 aliquo

2295 1685 2743 1784 recipiente,
2795 1681 2927 1758 nisi
2982 1681 3234 1780 aliquo
3284 1681 3512 1758 modo
3560 1678 3852 1789 agendo

2289 1786 2372 1862 in
2446 1785 2727 1882 ipsum,
2778 1783 3114 1881 eoquod
3136 1804 3353 1879 agere
3403 1777 3595 1861 nihil
3649 1775 3853 1855 ahud

2292 1883 2394 1962 est
2447 1909 2671 1983 quam
2725 1880 2958 1962 facere
3010 1882 3289 1982 aliquid
3369 1896 3535 1959 actu
3577 1907 3593 1951 ε
3650 1878 3851 1976 quod

2288 1987 2591 2085 quidem
2642 1983 2741 2061 est
2794 1992 2928 2084 per'
2974 1981 3288 2061 formam
3308 2038 3327 2055 .
3384 1985 3591 2080 Ergo
3619 2037 3621 2039 »
3647 1982 3849 2059 Deus

2291 2086 2615 2185 patietur
2657 2138 2684 2179 ‚
2769 2085 2842 2161 8<
2916 2083 3338 2161 movebitur
3421 2082 3517 2158 ab
3595 2081 3850 2177 aliquo

2291 2204 2605 2285 agente3
2656 2186 2855 2283 quod
2905 2182 3006 2261 est
3056 2199 3316 2263 contra
3367 2182 3854 2283 praedetermi-

2293 2305 2466 2367 nata
2540 2284 2568 2381 (
2616 2310 2772 2384 cap.
2846 2311 3067 2364 x11-1.
3124 2286 3152 2384 )
3224 2284 3320 2364 Si'
3373 2302 3621 2363 autern
3699 2283 3898 2384 ipsa'

2293 2388 2547 2466 divina
2601 2385 3004 2467 substantiae
3042 2386 3140 2465 est
3192 2386 3404 2465 causa
3453 2385 3855 2465 accidentis

2289 2490 2493 2588 quod
2546 2487 2675 2564 fibi
2714 2487 2942 2575 inest3
2993 2487 3435 2587 impossibile
3462 2503 3707 2564 autem
3745 2484 3848 2561 est

2293 2592 2490 2687 quod
2545 2587 2629 2665 fit
2680 2589 2885 2666 causa
2922 2587 3172 2681 illius,
3224 2586 3616 2664 secundum
3650 2584 3849 2682 quod

2294 2690 2393 2766 est
2463 2687 2819 2787 recipiens
2894 2688 3192 2786 ipsum:
3245 2687 3420 2787 quia
3502 2685 3593 2764 fic
3648 2686 3849 2762 idem

2293 2790 2686 2868 secundum
2765 2788 2962 2867 idem
3034 2787 3303 2868 faceret
3355 2787 3713 2887 seipsum
3767 2787 3851 2864 in

2291 2912 2457 2970 actu
2478 2948 2497 2968 .
2553 2894 2757 2988 Ergo
2806 2907 3138 2988 oportet,
3177 2889 3225 2966 fi
3279 2889 3360 2966 in
3416 2894 3581 2967 Deo
3602 2888 3701 2967 est
3723 2888 3854 2966 ali-

2289 2995 2487 3092 quod
2538 2991 2869 3070 accidens
2892 3046 2917 3082 ‚
2955 2993 3151 3090 quod
3187 2990 3575 3068 secundum
3627 2990 3856 3085 aliud,

2243 3089 2246 3094 ’
2297 3094 2371 3171 8<
2422 3093 2623 3172 aliud
2673 3091 3028 3192 recipiat,
3100 3092 3174 3168 8(
3224 3091 3465 3170 causet
3513 3092 3851 3169 accidens

2290 3194 2483 3276 illud
2522 3247 2549 3288 ‚
2601 3192 2777 3271 ficut
2828 3193 3232 3292 corporalia
3282 3192 3641 3291 recipiunt
3693 3217 3852 3290 pro-

2302 3296 2463 3394 pria
2514 3295 2918 3371 accidentia
2973 3318 3098 3391 per
3142 3310 3477 3372 naturam
3500 3292 3852 3385 materiae,
3918 3353 3920 3356 -

2300 3396 2377 3471 8(
2451 3392 2745 3471 causant
2807 3418 2933 3492 per
3002 3394 3313 3471 formam
3355 3450 3374 3470 .
3455 3394 3571 3473 Sic
3622 3393 3849 3492 igitur

2305 3498 2505 3573 Deus
2528 3494 2668 3570 erit
2687 3491 3166 3592 compotitu's.3
3184 3495 3386 3591 cujus
3400 3495 3850 3573 contrarium
4003 3570 4029 3594 ‚

2307 3595 2626 3693 superius
2680 3595 2885 3696 (cap.
2910 3594 3238 3691 xv111.)
3289 3598 3678 3695 probatum
3729 3592 3852 3671 est.

2416 3722 2480 3798 3.
2538 3700 2765 3773 Item.
2822 3698 3071 3774 Omne
3094 3695 3495 3784 subiectum
3529 3697 3857 3784 acciden-

2309 3796 2402 3876 tis
2454 3815 2915 3897 comparatur
2962 3798 3052 3874 ad
3105 3797 3342 3897 ipsum
3395 3816 3476 3877 ut
3527 3797 3855 3897 potentia

2305 3900 2395 3975 ad
2449 3919 2744 3993 actum,
2800 3922 2890 3975 eo
2927 3899 3122 3997 quod
3172 3899 3502 3979 accidens
3524 3902 3855 3998 quaedam

2297 3997 2537 4076 forma
2590 3998 2737 4093 est,
2791 3996 3059 4077 faciens
3080 4002 3218 4076 esse
3237 4017 3403 4077 actu
3455 4000 3850 4077 secundum

2298 4102 2439 4176 esse
2491 4101 2931 4177 accidentale
2978 4156 2997 4175 .
3077 4100 3214 4178 Sed
3283 4100 3363 4175 in
3432 4104 3600 4179 Deo
3651 4097 3853 4178 nulla

2298 4199 2397 4276 est
2451 4200 2993 4300 potentianum,
3045 4217 3127 4277 ut
3180 4189 3385 4300 sup‘ra
3436 4201 3643 4301 (cap.
3674 4228 3842 4280 xvs.

2296 4302 2368 4378 3<
2421 4300 2691 4397 xv11.)
2743 4299 3105 4377 ostensum
3156 4299 3439 4381 est.-In
3474 4329 3565 4382 eo
3616 4302 3850 4403 igitur-

2293 4400 2582 4479 nullum
2635 4401 2963 4479 accidens
3014 4404 3151 4479 effe
3201 4402 3465 4500 potest.

2400 4530 2472 4600 4.
2530 4502 2793 4580 Adhuc
2815 4561 2834 4578 .
2888 4502 3345 4604 Cuicumque
3368 4506 3545 4584 inest
3570 4504 3848 4606 aliquid

2295 4603 2840 4680 accidentaliter
2874 4660 2900 4701 ‚
2968 4604 3065 4682 est
3137 4606 3387 4706 aliquo
3452 4609 3699 4703 modo*
3746 4608 3848 4687 se·

2298 4705 2621 4781 cundum
2678 4705 2878 4783 suam
2920 4722 3257 4784 naturam
3312 4709 3845 4786 mutabilezac-

2298 4804 2546 4883 cidens
2599 4806 2803 4883 enim
2856 4810 2943 4885 de
3001 4808 3069 4884 se
3122 4827 3379 4887 natum
3432 4809 3530 4885 est
3577 4810 3846 4903 ineffe,

2287 4906 2363 4985 8<
2409 4931 2562 4989 non
2614 4908 2835 4990 ineffe
2870 4965 2888 4987 .
2958 4910 3038 4989 Si
3089 4909 3317 5088 igigu·
3369 4913 3570 4990 Deus
3620 4909 3845 5085 hablet

3708 5032 3751 5084 a
3784 5032 3839 5086 ιο
