4597 5696
1292 302 1876 422 coNTRA
1963 349 2701 418 GENTILES
2787 337 3038 410 LIB.
3118 339 3174 406 1.

647 496 807 551 ram
860 466 965 546 sui
1017 462 1302 565 generis
1355 461 1591 560 magis
1658 462 1732 539 8<
1784 460 2028 537 minus
2081 485 2204 560 ap-

649 570 1090 675 propinqua-t
1138 594 1162 658 ς
1216 564 1389 641 sicut
1443 563 1694 643 album
1746 562 2012 638 dicitur
2063 562 2202 637 effe

650 669 985 750 mensura
1060 667 1138 743 in
1204 664 1551 742 omnibus
1620 660 1985 742 coloribus
2016 715 2043 757 ‚
2130 662 2207 738 δὲ

648 769 1013 852 virtuosus
1089 766 1279 843 inter
1330 787 1585 841 omnes
1638 761 1974 842 homines
2013 818 2030 836 .
2120 761 2206 840 Id
2331 822 2338 826 .

777 895 900 948 >em
953 867 1148 965 quod
1199 863 1295 940 est
1329 862 1661 940 mensura
1697 864 2039 941 omnium
2088 886 2206 937 en-

777 996 846 1047 m
886 1022 912 1063 ‚
987 991 1139 1043 non
1191 963 1419 1063 potest
1487 963 1628 1039 effe
1698 961 1896 1040 aliud
1982 985 2204 1060 quarn

777 1096 898 1163 υς,
951 1066 1081 1165 qui
1134 1066 1231 1142 est
1285 1064 1500 1140 suum
1551 1063 1730 1139 esse.
1786 1061 1925 1162 Ipsi
1979 1063 2203 1159 igitur

777 1173 854 1246 ¹la
904 1164 1094 1244 deest
1152 1162 1683 1267 perfectionum
1734 1188 1893 1261 quae
1946 1162 2203 1260 aliqui·

777 1299 785 1346 :
836 1270 1046 1345 rebus
1096 1265 1539 1346 conveniant
1558 1293 1582 1358 ς
1602 1264 1778 1341 alias
1830 1289 1982 1341 non
2033 1265 2203 1340 esset

777 1370 996 1448 mium
1046 1366 1460 1445 communis
1515 1363 1886 1441 mensura.
2161 1411 2171 1422 ·

777 1471 958 1548 't-linc
985 1466 1084 1545 est
1110 1469 1304 1568 quod
1345 1491 1576 1564 quum
1604 1481 1953 1563 quaereret
1982 1467 2209 1566 Moy·

815 1569 1146 1648 divinam
1203 1568 1451 1644 videre
1503 1565 1768 1643 faciem
1807 1624 1832 1661 ‚
1888 1566 2006 1641 seu
2057 1565 2208 1662 glo-

777 1696 845 1747 m
886 1725 912 1766 ‚
988 1668 1404 1768 responsum
1457 1666 1556 1741 est
1610 1666 1680 1740 ei
1733 1692 1775 1740 a
1835 1665 2200 1742 Domino:

777 1799 822 1846 ὀ
875 1767 1240 1867 ostendam
1293 1763 1433 1844 tibi
1486 1791 1694 1842 omne
1746 1769 2002 1842 bonum
2040 1818 2066 1857 .,
2123 1781 2204 1839 ut

777 1888 967 1948 >etur
1025 1866 1262 1946 Exodi
1312 1891 1628 1950 χχχιιι.
1696 1891 1803 1962 19.
1887 1887 2013 1962 per
2068 1861 2234 1963 hoc,

777 1998 830 2050 is
883 1969 1290 2066 intelligere
1360 1965 1440 2043 in
1511 1964 1580 2040 se
1633 1965 1874 2041 omnis
1926 1961 2206 2040 bonita-

806 2067 1337 2169 plenitudinem
1363 2066 1526 2142 esse
1569 2121 1586 2139 .
1664 2063 2055 2164 Dionysius
2106 2078 2206 2138 et-

777 2196 810 2247 n
865 2169 943 2246 in
995 2195 1066 2245 v.
1118 2187 1271 2265 cap.
1297 2166 1386 2242 de
1437 2163 1708 2242 divinis
1753 2162 2207 2242 Nominibus

777 2271 902 2347 it:
976 2277 1177 2349 Deus
1254 2293 1397 2341 non
1467 2265 1778 2362 quodam
1847 2262 2053 2339 modo
2107 2257 2209 2351 est

777 2367 972 2468 {flens
1012 2421 1039 2463 ‚
1109 2363 1253 2460 sed
1286 2364 1731 2466 simpliciter
1764 2417 1789 2457 ‚
1840 2364 1936 2438 69*
1994 2359 2206 2440 incir-

777 2465 1187 2566 nscriptive
1265 2488 1521 2544 totum.
1569 2463 1703 2560 effe
1781 2462 1860 2541 in
1916 2460 2006 2558 se
2059 2459 2208 2560 ipso

777 2569 984 2667 :ipit‚
1033 2568 1128 2645 (Τ
1175 2564 1628 2667 praeaccipit.

777 2669 1157 2752 Sciendum
1242 2687 1489 2744 tamen
1536 2720 1562 2761 ‚
1612 2665 1808 2764 quod
1859 2660 2212 2761 perfectio

777 2795 835 2846 :o
900 2768 1418 2847 convenienter
1491 2765 1794 2844 attribui
1868 2789 2017 2840 non
2088 2788 2210 2862 po-

777 2870 849 2960 l,
900 2870 947 2944 si
1003 2869 1324 2946 nominis
1377 2866 1806 2965 significatio
1856 2882 2212 2963 quantum

803 2969 916 3044 sui
967 2969 1331 3065 originem
1383 2969 1842 3045 attendatur:
1899 2966 2094 3063 quod
2146 2988 2212 3038 e-

777 3094 832 3142 n
883 3066 1156 3144 sactum
1209 3092 1356 3144 non
1408 3067 1504 3142 est
1549 3121 1576 3161 ,
1629 3092 1762 3143 nec
1815 3063 2218 3164 perfectum

777 3167 821 3243 :i
897 3168 1086 3263 poss'e
1160 3167 1510 3257 videtur3
1580 3167 1698 3243 sed
1772 3167 1944 3263 quia
1995 3190 2216 3243 omne

777 3266 870 3343 od
922 3263 1006 3341 fit
1044 3317 1070 3358 ,
1137 3267 1224 3340 de
1277 3264 1600 3362 potentia
1678 3267 2068 3341 deductum
2120 3264 2218 3340 est

806 3382 1114 3456 actum,
1187 3364 1258 3439 8<
1330 3363 1416 3439 de
1471 3389 1619 3440 non
1696 3365 1832 3438 effe
1904 3363 1982 3438 in
2035 3364 2222 3458 esse,

777 3466 971 3545 :ando
1025 3459 1299 3540 factum
1350 3460 1489 3550 est3
1542 3481 1712 3540 tunc
1753 3479 1945 3538 recte
1999 3460 2221 3559 perfe-

777 3590 887 3643 im
940 3564 1075 3640 esse
1127 3563 1391 3640 dicitur
1425 3616 1450 3656 ‚
1502 3561 1696 3661 quasi
1752 3562 2072 3639 totaliter
2123 3560 2226 3638 fa-

777 3689 887 3742 im
929 3718 954 3758 ‚
1023 3667 1312 3761 quando
1364 3663 1692 3760 potentia
1761 3661 2079 3739 totaliter
2129 3663 2227 3740 est

777 3813 783 3841 ι
833 3782 1078 3840 actum
1131 3765 1419 3855 reducta
1472 3817 1497 3857 ‚
1568 3778 1648 3840 ut
1701 3762 1885 3838 nihil
1940 3764 2027 3837 de
2080 3788 2230 3840 non

777 3865 826 3939 Te
881 3863 1188 3939 retineat
1230 3916 1257 3956 ‚
1330 3863 1443 3939 sed
1498 3864 1759 3941 habeat
1825 3864 1961 3937 effe
2034 3889 2226 3941 com·

777 3979 1003 4040 etum.
1060 3965 1196 4038 Per
1250 3964 1640 4059 quamdam
1695 3981 1939 4039 autem
1994 3964 2225 4040 nomi-

777 4088 799 4141 ς
824 4058 1312 4139 extentionem
1348 4060 1748 4159 perfectum
1773 4063 2060 4155 dicitur,
2080 4089 2229 4139 non

777 4160 920 4237 lum
995 4162 1190 4257 quod
1261 4159 1500 4236 fiendo
1577 4162 1909 4259 pervenit
1983 4162 2073 4238 ad
2162 4189 2229 4239 a·

687 4275 893 4334 ctum
942 4258 1431 4356 completum,
1485 4260 1601 4337 sed
1650 4264 1725 4338 id
1760 4262 1982 4338 etiam
2035 4262 2228 4361 quod

689 4354 788 4434 est
865 4355 944 4432 in
995 4376 1156 4432 actu
1234 4359 1603 4456 completo
1679 4360 1947 4458 absque
2020 4361 2229 4439 omni

691 4453 1058 4542 factione3
1107 4456 1177 4530 8(
1234 4456 1324 4533 fic
1363 4462 1605 4537 Deum
1637 4460 2038 4558 perfectum
2091 4463 2232 4550 esse

688 4554 998 4633 dicimus
1042 4605 1069 4646 ‚
1142 4553 1529 4634 secundum
1597 4560 1778 4638 illud
1834 4562 2104 4638 Matth.
2158 4588 2241 4638 v..

691 4660 814 4751 48.
872 4651 1119 4750 Estote
1159 4651 1470 4753 perfefii
1526 4712 1551 4750 ‚
1610 4659 1808 4757 ficut
1857 4662 1953 4739 (T
2008 4672 2231 4740 Pater

695 4749 941 4852 vester
992 4752 1286 4855 coelestis
1325 4753 1690 4855 perfhflus
1742 4759 1878 4861 est.
1990 4871 2001 4879 ·

783 4928 1749 5038 5.Tb.Comr.Gent.Tom.I.
1879 4932 1939 5070 .-

3788 355 3881 412 41⁸

2573 519 2628 579 c
2714 521 2776 581 A
2863 518 2909 579 Ρ
2998 517 3060 579 u
3144 517 3206 578 ‘r
3332 511 3573 578 xx1x.

2429 639 2721 724 ‚Quomodo
2787 639 2849 698 in
2873 635 3047 697 rebus
3072 622 3075 624 ’
3085 637 3392 711 fimitieudo
3433 637 3512 698 aa
3550 639 3735 698 Deum

2826 718 3105 777 ,invenm’
3136 717 3301 798 potest
3317 761 3338 780 .
3571 752 3577 757 ·

2636 869 2689 909 1.
2735 851 2901 910 Part.
2945 845 3126 928 quest.
3168 867 3262 908 lv.
3302 866 3413 910 art.
3458 866 3515 924 3.

2477 971 2543 1047 X-
2595 970 2735 1047 hoc
2786 972 3033 1045 autem
3084 969 3456 1065 quomodo
3506 967 3585 1045 in
3637 969 3849 1045 rebus

2519 1070 2728 1170 poffit
2782 1068 3177 1145 similitudo
3227 1069 3317 1143 ad
3354 1073 3598 1144 Deum
3652 1068 3856 1171 imfe-

2302 1171 2448 1247 niri
2466 1225 2491 1264 ‚
2543 1172 2662 1247 vel
2690 1195 2838 1246 non
2869 1167 3120 1267 possit,
3145 1166 3572 1244 confiderari
3602 1151 3852 1264 potest.

2415 1271 2737 1349 Effectus
2807 1268 3010 1345 enim
3084 1291 3128 1341 a
3203 1266 3338 1342 suis
3410 1267 3631 1344 caufis
3685 1264 3854 1342 defi-

2308 1370 2581 1448 cientes
2652 1393 2801 1447 non
2861 1365 3313 1463 conveniunt
3377 1392 3547 1444 cum
3619 1367 3721 1442 eis
3774 1363 3859 1441 in

2313 1472 2616 1549 nomine
2636 1526 2662 1567 ,
2714 1472 2786 1548 8<
2814 1468 3123 1559 ratione,
3151 1466 3428 1543 necesse
3482 1463 3580 1542 est
3608 1482 3863 1541 tamen

2311 1572 2638 1671 aliquam
2691 1571 2880 1648 inter
2931 1593 3017 1643 ea
3064 1566 3608 1644 similitudinem
3663 1566 3868 1643 inve·

2310 1673 2514 1749 niti-z
2594 1673 2683 1747 de
2735 1687 2990 1747 natura
3042 1665 3245 1742 enim
3296 1667 3576 1764 agentis
3628 1662 3725 1739 est
3778 1679 3869 1741 ut

2312 1795 2531 1869 agens
2584 1770 2715 1846 fibi
2770 1766 2999 1844 simile
3055 1784 3266 1861 agat,
3321 1788 3549 1862 quum
3602 1788 3863 1840 unum-

2308 1873 2648 1969 quodque
2717 1894 2759 1944 a
2811 1882 2885 1944 at
2961 1865 3350 1941 secundum
3421 1863 3619 1963 quod
3687 1879 3867 1959 actu,

2308 1970 2446 2047 est:
2502 1971 2690 2046 unde
2774 1991 2978 2043 orma
3032 1962 3326 2042 effectus
3379 1964 3458 2041 in
3510 1961 3716 2040 causa
3742 1988 3862 2040 ex-

2307 2071 2605 2148 cedente
2659 2066 3029 2145 invenitur
3081 2064 3383 2163 quidem
3420 2063 3871 2161 aliqualiter,

2312 2169 2429 2245 sed
2485 2168 2874 2244 secundum
2926 2165 3156 2241 alium
3187 2165 3492 2241 modum
3532 2164 3603 2239 8(
3635 2161 3863 2238 aliam

2310 2269 2708 2345 rationem:
2769 2266 3048 2343 ratione
3090 2265 3331 2359 cujus,
3382 2261 3591 2342 causa
3642 2261 3864 2361 aequi-

2310 2395 2492 2445 voca
2577 2367 2843 2444 dicitur
2887 2423 2904 2439 .
2979 2364 3103 2444 Sol
3156 2365 3358 2442 enim
3411 2365 3490 2441 in
3542 2362 3871 2462 corpori·

2313 2471 2443 2554 bus
2498 2466 2959 2544 inferioribus
3010 2464 3328 2543 calorem
3355 2463 3621 2542 causat
3646 2487 3868 2560 agen-

2312 2571 2408 2646 do
2462 2568 2847 2644 secundum
2922 2567 3116 2662 quod
3188 2568 3353 2641 actu
3426 2560 3523 2639 est
3574 2589 3591 2637 :
3672 2564 3867 2638 unde

2315 2686 2600 2766 oportet
2650 2667 2844 2764 quod
2895 2665 3091 2741 calor
3169 2690 3234 2739 a.
3267 2662 3433 2740 Sole
3485 2679 3870 2760 generatus

2313 2767 2705 2867 aliqualem
2763 2763 3333 2840 similitudinem
3395 2763 3722 2840 obtineat
3774 2761 3868 2840 ad

2313 2870 2663 2946 virtutem
2742 2866 2925 2943 Solis
3000 2865 3317 2941 activam
3358 2917 3383 2957 ‚
3462 2886 3588 2962 per
3640 2886 3867 2961 quam

2276 2970 2514 3048 'calor
2584 2967 2663 3044 in
2715 2965 2861 3042 istis
2945 2963 3407 3043 inferioribus
3483 2964 3868 3057 causatur,

2317 3070 2597 3147 ratione
2684 3064 2884 3161 cujus
2986 3065 3107 3144 Sol
3186 3064 3456 3141 calidus
3551 3063 3869 3156 dicitur,

2322 3167 2657 3270 quamvis
2712 3192 2861 3245 non
2912 3191 3057 3242 una
3108 3164 3439 3255 ratione3
3493 3182 3565 3241 et
3598 3162 3688 3241 fic
3744 3162 3869 3242 Sol

2325 3268 2666 3345 omnibus
2719 3266 2865 3343 illis
2920 3265 3173 3342 similis
3231 3264 3643 3363 aliqualiter
3696 3263 3873 3340 dici-

2326 3384 2443 3443 tur
2494 3367 2573 3442 in
2628 3366 2887 3462 quibus
2944 3364 3099 3442 suos
3134 3362 3428 3443 effectus
3479 3364 3876 3442 efficaciter

2328 3466 2660 3552 inducit3
2730 3489 2772 3537 a
2823 3464 3083 3560 quibus
3130 3480 3376 3540 tamen
3427 3465 3658 3541 rursus
3711 3487 3871 3540 om-

2329 3564 2543 3641 nibus
2595 3561 2953 3639 diffimilis
3003 3561 3102 3640 est
3152 3616 3177 3657 ‚
3255 3564 3689 3664 inquantum
3743 3561 3871 3638 hu-

2333 3662 2639 3761 jusmodi
2711 3661 3005 3740 effectus
3091 3688 3241 3740 non
3317 3667 3575 3743 eodem
3649 3664 3873 3740 modo

2331 3764 2681 3864 possident
2731 3762 3050 3840 calorem
3132 3761 3537 3860 hujusmodi
3593 3790 3741 3862 quo
3793 3764 3876 3840 in

2332 3863 2497 3945 Sole
2551 3863 2920 3941 invenitur
2962 3920 2979 3938 .
3057 3868 3170 3942 lta
3245 3866 3468 3943 etiarn
3541 3864 3612 3940 8(
3672 3869 3875 3941 Deus

2331 3990 2586 4043 omnes
2640 3962 3114 4061 perfectiones
3166 3966 3376 4043 rebus
3430 3964 3685 4042 tribuit
3713 4019 3735 4055 ‚
3787 3988 3878 4039 ac

2382 4089 2459 4139 er
2511 4063 2647 4140 hoc
2700 4088 2870 4140 cum
2922 4064 3271 4141 omnibus
3324 4064 3875 4140 similitudinem

2427 4167 2601 4254 bet,
2654 4162 2725 4238 8<
2779 4163 3429 4240 dissimilitudinem
3485 4163 3737 4239 simul.

2437 4267 2537 4340 Et
2589 4262 2755 4338 inde
2824 4259 2921 4337 est
2975 4262 3170 4359 quod
3239 4263 3430 4348 sacra
3510 4264 3876 4362 Scriptura
3957 4344 3967 4348 ,

2332 4361 2721 4461 aliquando
2774 4358 3322 4440 similitudinem
3382 4364 3572 4441 inter
3628 4369 3879 4441 Deum

2329 4482 2403 4541 et
2456 4481 2855 4540 creaturam
2891 4480 3459 4557 commemorat,
3511 4481 3594 4542 ut
3643 4488 3900 4563 quum.

2330 4564 2592 4640 dicitur
2678 4562 3041 4639 Geneseos
3079 4618 3097 4637 .
3185 4592 3242 4642 1.
3300 4570 3417 4643 26.
3489 4565 3874 4641 Faciamus

2331 4664 2690 4740 bominem
2760 4662 2859 4738 ad
2909 4661 3309 4761 imaginem
3379 4665 3476 4741 (9
3513 4662 3872 4763 similitu-

2334 4760 2580 4841 dinem
2634 4757 2947 4859 nostram
2988 4820 3005 4838 .
3091 4765 3516 4866 Aliquando
3568 4788 3746 4841 vero
3798 4762 3880 4839 si-

2331 4862 2672 4944 militudo
2704 4881 3052 4963 negatur,
3083 4865 3499 5049 {ecundum
3530 4862 3722 5036 illuc}-
3739 4862 3877 4942 lsa.

3628 4986 3677 5044 x
3756 4965 3868 5034 18.
3966 5000 4002 5034 ο
