4597 5696
1269 351 2698 475 coNTRAG'ENTlLEs
2781 391 3173 463 Μαι.
3723 410 3820 471 ις

617 504 810 590 cesse
858 501 960 585 est
1006 526 1189 605 ergo
1236 528 1461 583 omne
1509 499 1707 602 quod
1755 519 2155 598 movetur,

610 609 715 695 ab
766 608 920 688 alio
967 605 1254 687 moveri
1307 659 1326 680 .
1586 700 1601 714 ⁸
1640 682 1643 683 f

722 712 892 790 Nec
942 708 1197 788 obviat
1250 704 1421 785 huic
1471 702 1736 782 rationi
1787 707 1984 803 quod
2020 704 2157 785 for·

614 822 697 891 te
745 809 1011 910 aliquis
1079 807 1312 907 posset
1385 808 1623 885 dicere
1674 858 1702 898 ‚
1749 807 1947 903 quod
2019 806 2171 899 ejus

614 912 817 1013 quod
869 910 1165 1009 ponitur
1215 932 1511 986 movere
1565 907 1636 985 se
1690 906 1927 1004 ipsum
1958 961 1984 1000 ‚
2006 931 2170 1005 pars

612 1038 771 1093 non
824 1008 1051 1109 potest
1101 1010 1503 1109 quiescere:
1535 1010 1607 1085 8<
1654 1008 1920 1086 iterum
1971 1008 2170 1107 quod

613 1113 842 1214 partis
895 1136 1048 1189 non
1098 1110 1197 1188 est
1250 1110 1613 1210 quiescere
1667 1163 1693 1204 ‚
1743 1107 1863 1185 vel
1917 1134 2166 1187 move-

617 1214 686 1292 ri
738 1267 764 1306 ‚
816 1211 945 1288 nifi
1002 1237 1129 1311 per
1180 1210 1513 1290 accidens
1564 1267 1591 1306 .,
1645 1228 1726 1288 ut
1784 1209 2171 1310 Avicenna

615 1313 1107 1393 calumniatur
1154 1314 1181 1409 (
1240 1312 1404 1390 Lib.
1459 1316 1556 1389 II.
1611 1310 1855 1391 Suffic.
1889 1334 2042 1409 cap.
2083 1310 2175 1407 1.)

619 1414 827 1513 Quia
898 1414 1014 1493 vis
1107 1413 1413 1492 rationis
1489 1412 1569 1489 in
1643 1413 1781 1490 hoc
1855 1410 2173 1490 conlistit

620 1516 822 1615 quod
865 1512 911 1590 fi
966 1514 1246 1614 aliquid
1298 1514 1368 1590 se
1423 1512 1661 1612 ipsum
1713 1530 2010 1591 moveat
2032 1512 2174 1610 pri·

617 1640 756 1696 mo
805 1615 877 1691 8<
929 1641 1054 1713 per
1108 1616 1179 1692 se
1216 1669 1243 1707 ,
1294 1640 1446 1690 non
1500 1615 1780 1692 ratione
1831 1613 2186 1711 partium,

621 1732 913 1815 oportet
966 1717 1165 1812 quod
1217 1714 1424 1791 suum
1476 1712 1765 1790 moveri
1838 1737 1990 1789 non
2060 1714 2181 1791 de-

628 1817 942 1932 pendeat
992 1816 1086 1890 ab
1166 1813 1417 1912 aliquo
1465 1869 1487 1887 .
1562 1812 1869 1889 Moveri
1937 1827 2186 1888 autem

617 1916 853 2015 ·=ps1us
902 1913 1286 1994 divisibilis
1337 1967 1362 2004 ‚
1420 1912 1597 1991 ficut
1648 1913 1720 1990 8<
1773 1909 1925 2011 ejus
1974 1910 2123 1989 esse
2158 1961 2185 2004 ‚

629 2017 992 2115 dependet
1044 2040 1087 2090 a
1138 2014 1461 2111 partibus
1516 2037 1537 2098 ς
1588 2013 1662 2088 8(
1715 2010 1811 2089 fic
1861 2037 2014 2090 non
2064 2035 2189 2110 po-

624 2117 768 2196 test
830 2116 899 2193 se
954 2114 1191 2213 ipsum
1245 2137 1557 2189 movere.
1599 2111 1845 2211 primo
1911 2112 1986 2187 &
2063 2132 2192 2208 per

626 2218 709 2296 se
759 2270 779 2292 .
837 2218 1019 2293 Non
1071 2212 1463 2312 requiritur
1514 2235 1690 2309 ergo
1762 2212 1854 2289 ad
1922 2211 2183 2288 verita-

632 2333 796 2398 tem
846 2312 1365 2396 conditionalis
1416 2314 1721 2391 inductae
1774 2312 1973 2411 quod
2026 2309 2183 2409 sup-

630 2434 864 2519 ponat
903 2433 1187 2517 partem
1232 2414 1604 2492 moventis
1633 2413 1702 2491 se
1728 2411 1963 2512 ipsum
1983 2412 2184 2510 quie-

634 2520 831 2600 scere
853 2573 881 2612 ‚
930 2516 1128 2617 quafi
1180 2517 1547 2615 quoddam
1594 2538 1861 2601 verum
1907 2512 2183 2597 absolu-

628 2636 711 2701 te
758 2648 785 2711 ς
848 2619 980 2697 sed
1028 2633 1322 2717 oportet
1370 2616 1559 2693 hanc
1609 2613 2187 2694 conditionalem

634 2723 778 2799 effe
831 2744 1085 2798 veram
1108 2773 1138 2813 ‚
1183 2718 1382 2817 quod
1435 2717 1482 2794 fi
1536 2715 1936 2815 quiesceret
1986 2740 2187 2815 pam,

632 2823 1039 2924 quiesceret
1090 2836 1333 2899 totum
1383 2845 1407 2895 t
1459 2844 1618 2917 quae
1690 2817 1993 2917 quidem
2064 2841 2189 2917 po-

637 2922 778 3001 test
833 2925 973 2998 effe
1037 2945 1212 2999 vera
1253 2976 1281 3017 .,
1334 2919 1561 3002 etiam
1634 2918 1685 2994 fi
1763 2919 2192 2998 antecedens

644 3022 737 3102 fit
810 3021 1246 3120 impoffibile
1301 3046 1326 3112 3
1379 3020 1553 3099 sicut
1626 3017 1759 3097 ista
1828 3018 2185 3099 conditio·

640 3122 834 3201 nalis
883 3122 980 3198 est
1032 3145 1206 3198 vera
1258 3149 1276 3194 ε
1335 3120 1414 3199 Si
1466 3120 1699 3199 homo
1746 3120 1844 3199 est
1895 3119 2132 3199 asinus
2161 3171 2189 3216 ‚

641 3223 745 3303 est
797 3219 1239 3300 irrationalis
1290 3273 1311 3293 .
1788 3287 1789 3292 Ν

748 3352 816 3400 2.
870 3323 1203 3402 Secundo
1249 3320 1506 3417 probat
1546 3344 1679 3417 per
1694 3318 2199 3398 inductionem

648 3421 789 3503 fic.
842 3425 870 3518 (
926 3424 1145 3500 VIII.
1167 3418 1424 3498 Phific.
1445 3437 1616 3497 text.
1639 3439 2118 3498 comm·.xxv1
2141 3446 2202 3497 1.

645 3523 722 3601 8(
775 3521 964 3601 infra
991 3578 1013 3598 .
1065 3521 1094 3618 )
1146 3523 1398 3599 Omne
1448 3520 1648 3619 quod
1696 3533 2038 3599 movetur
2076 3540 2209 3618 per

655 3625 990 3704 accidens
1089 3647 1243 3700 non
1316 3639 1658 3699 movetur
1727 3646 1796 3709 a,
1846 3621 1917 3697 se
1968 3619 2125 3719 ipso
2171 3675 2202 3717 ‚

656 3741 1004 3802 movetur
1052 3723 1255 3798 enim
1307 3722 1399 3800 ad
1468 3740 1760 3799 motum
1833 3719 2129 3798 alterius
2176 3749 2203 3815 ς

651 3824 989 3904 {imiliter
1025 3848 1264 3921 neque
1301 3824 1496 3922 quod
1541 3837 1885 3900 movetur
1901 3846 2028 3922 per
2045 3821 2202 3899 vio-

651 3925 962 4005 lentiam
1010 3978 1036 4017 ,
1087 3943 1171 4000 ut
1220 3920 1686 3999 manifestum
1738 3921 1838 3998 est
1886 3950 1913 4015 ε,
1963 3945 2204 4022 neque

702 4051 810 4104 uae
862 4040 1255 4103 moventur
1321 4042 1450 4118 per
1516 4041 1853 4100 naturam
1903 4077 1930 4117 ‚
1981 4038 2064 4100 ut
2114 4046 2204 4102 ex

688 4152 730 4203 e
779 4144 983 4203 mota
1011 4178 1037 4218 ‚
1088 4123 1269 4202 ficut
1319 4123 1668 4200 animalia
1717 4148 1875 4223 quae
1924 4121 2205 4203 constat

644 4225 749 4302 ab
797 4227 1046 4302 anima
1096 4225 1437 4315 moveri3
1487 4247 1625 4303 nec
1702 4223 1975 4301 iterum
2042 4247 2202 4339 quar

648 4342 1051 4402 moventur
1097 4348 1230 4423 per
1274 4341 1611 4402 naturam
1660 4376 1689 4415 ‚
1736 4342 1822 4403 ut
1872 4347 2126 4421 gravia
2174 4375 2212 4417 ‚

650 4426 733 4505 δε
783 4423 977 4501 levia
1022 4477 1055 4522 ‚
1101 4424 1280 4522 quia
1324 4425 1479 4503 haec
1506 4439 1921 4502 -moventur
1988 4449 2035 4499 a
2083 4447 2204 4522 ge·

654 4542 964 4605 nerante
1015 4579 1043 4620 ‚
1093 4525 1167 4602 8<
1241 4541 1667 4604 removente
1738 4523 2134 4625 prohibens
2178 4579 2204 4604 .

662 4629 923 4707 Omne
990 4641 1240 4703 autem
1312 4629 1509 4726 quod
1578 4639 1918 4704 movetur

660 4740 1014 4805 movetur
1063 4749 1193 4827 per
1245 4725 1315 4804 se
1367 4778 1394 4821 ‚
1442 4742 1600 4841 aut·
1615 4750 1748 4826 per
1808 4726 2145 4808 accidens
2187 4783 2211 4805 .

660 4827 750 4909 Si
802 4851 933 4928 per
982 4827 1053 4906 se
1099 4881 1126 4923 ,
1173 4826 1297 4906 vel
1322 4851 1477 4930 ·per
1529 4825 1965 4907 violentiam
2015 4880 2043 4925 ,
2089 4828 2217 4907 vel

1987 4680 2017 4720 ‚
2086 4641 2215 4706 aut

2259 500 2335 579 se
2382 555 2409 597 ‚
2459 520 2543 581 ut
2588 501 2867 585 animal
2920 560 2947 598 ‚
2994 504 3118 583 vel
3169 530 3322 586 non
3373 526 3668 589 motum
3723 535 3818 593 ex

2260 603 2379 695 se,
2429 622 2512 681 ut
2562 628 2784 702 grave
2836 658 2863 700 ‚
2913 606 2988 685 8<
3039 606 3204 685 leve
3253 663 3273 682 .
3332 611 3539 706 Ergo
3589 626 3818 691 omne

2261 706 2460 803 quod
2509 720 2897 799 movetur,
2948 706 3043 784 ab
3092 706 3248 789 alio
3300 726 3643 789 movetur
3691 767 3712 785 .

2376 805 2648 885 Tertio
2680 882 2684 889 ,
2714 808 2977 906 probat
3028 806 3125 888 fic
3175 864 3195 884 .
3247 808 3275 903 (
3332 814 3548 888 VIII.
3600 810 3842 914 Phys.

2273 918 2447 984 text.
2498 931 2770 986 comm.
2821 934 3035 988 xxxx.
3088 909 3117 1005 )
3169 909 3392 989 Nihil
3446 912 3646 989 idem
3721 910 3833 997 efl:

2271 1006 2483 1084 simul
2537 1008 2617 1119 in
2667 1028 2835 1087 actu
2885 1063 2913 1103 ‚
2980 1010 3055 1088 &
3130 1007 3211 1089 in
3287 1012 3616 1108 potentia
3689 1013 3834 1093 rel?-

2270 1125 2487 1205 pectu
2537 1110 2898 1204 ejusdem.
2953 1112 3094 1193 Sed
3145 1134 3372 1187 omne
3420 1114 3618 1208 quod
3669 1138 3832 1193 mo-

2272 1228 2484 1286 vetur
2505 1264 2536 1303 2
2583 1207 3022 1310 inquantum
3072 1210 3487 1307 hujusmodi
3516 1266 3542 1304 ‚
3593 1209 3693 1288 est
3747 1212 3837 1290 in

2276 1312 2606 1406 potentia
2655 1365 2682 1405 ‚
2729 1311 2927 1410 quia.-
2961 1332 3208 1391 motus
3257 1310 3358 1389 est
3410 1330 3614 1393 actm
3684 1312 3842 1389 exi·

2276 1408 2525 1523 flentis
2577 1410 2656 1490 in
2709 1429 2881 1512 pote
2972 1404 3004 1428 ”
3090 1467 3117 1507 ‚
3170 1413 3567 1492 secundum
3631 1411 3838 1515 quod

2275 1508 2685 1606 hujusmodi
2738 1540 2758 1590 ε
2809 1540 2860 1595 o
3085 1530 3336 1595 autem
3405 1516 3603 1613 quod
3649 1516 3841 1594 'mo-

2278 1631 2408 1690 vet
2481 1613 2580 1691 est
2674 1615 2755 1691 in
2803 1633 2972 1692 actu
3024 1668 3054 1708 ‚
3104 1615 3546 1711 inquantum
3598 1613 3842 1705 huius·

2276 1714 2488 1790 modi
2537 1766 2563 1805 ‚
2616 1715 2790 1811 quia
2840 1713 3031 1790 nihil
3081 1713 3239 1809 agit
3273 1713 3406 1789 nifi
3442 1715 3838 1792 secundum

2282 1810 2630 1910 quodest
2686 1813 2765 1888 in
2813 1830 3022 1891 actu.
3075 1817 3283 1909 Ergo
3331 1810 3524 1889 nihil
3557 1810 3658 1887 est
3699 1811 3843 1889 tes-

2288 1929 2502 2009 pectu
2553 1909 2875 2005 ejusdem
2925 1929 3098 1989 actu
3147 1935 3505 2004 movens,
3555 1912 3630 1989 8<
3682 1936 3845 1992 mo-

2292 2027 2502 2090 tum.
2556 2016 2660 2091 Et
2709 2011 2802 2089 fic
2847 2011 3042 2089 nihil
3095 2029 3353 2090 movet
3405 2011 3478 2089 se
3529 2011 3766 2110 ipsum
3815 2065 3844 2089 .

2395 2110 2787 2188 Sciendum
2837 2127 3089 2189 autem
3109 2165 3137 2205 ,
3183 2113 3384 2211 quod
3435 2112 3643 2191 Plato
3680 2113 3709 2209 (
3749 2114 3847 2192 de

2252 2210 2576 2326 ‘legibue
2624 2210 2656 2308 )
2720 2212 2850 2311 qui
2922 2212 3164 2311 posuit
3235 2238 3462 2291 omne
3534 2236 3849 2293 movens

2284 2336 2576 2392 moveri
2625 2364 2653 2405 ‚
2700 2314 3168 2392 communius
3219 2314 3530 2415 accepit·
3565 2339 3846 2394 nomen

2283 2432 2535 2492 motus
2579 2437 2803 2512 quam
2858 2412 3276 2492 Aristotiles
3320 2470 3341 2491 .
3415 2414 3849 2495 Aristoteles

2286 2516 2493 2594 enim
2544 2512 2764 2611 (111.
2837 2514 3054 2616 Phys.
3119 2529 3259 2592 tex.
3312 2540 3585 2595 comm.
3636 2541 3762 2593 vr.
3812 2514 3850 2612 )

2288 2614 2584 2718 proprie
2657 2614 2927 2714 accipit
2994 2630 3292 2694 motum
3338 2668 3367 2709 ,
3445 2615 3843 2694 secundum

2286 2718 2485 2817 quod
2536 2713 2634 2792 est
2685 2733 2888 2794 actus
2935 2712 3305 2794 existentis
3355 2713 3438 2792 In
3508 2714 3848 2815 potentia
3915 2778 3926 2786 .

2287 2817 2684 2897 secundum
2785 2816 2933 2896 uod
2984 2812 3397 2910 hujusmodi
3450 2870 3475 2912 ,
3524 2814 3850 2916 qualiter

2289 2945 2446 2998 non
2496 2918 2594 2997 est
2647 2918 2781 2994 nii
2837 2915 3322 2995 divisibilium
3370 2969 3398 3010 ‚
3467 2916 3539 2993 8(

2284 3045 2457 3100 rum
2504 3073 2532 3112 ‚
2600 3034 2683 3096 ut
2731 3019 3077 3118 probatur
3147 3016 3228 3094 in
3301 3019 3445 3096 VL
3507 3015 3851 3119 Phyfico-

2289 3147 2460 3199 rum
2507 3118 2534 3217 (
2586 3134 2760 3197 text.
2824 3140 3095 3197 comm.
3162 3142 3439 3196 xxxu.
3487 3116 3530 3212 ).
3583 3122 3849 3197 Semin-

2298 3225 2480 3301 dum
2529 3220 2912 3300 Platonem
2963 3235 3214 3296 autem
3243 3242 3574 3298 *movem
3611 3217 3687 3294 se
3735 3218 3850 3317 ip-

2298 3324 2462 3400 sum
2512 3345 2663 3397 non
2712 3318 2811 3397 est
2863 3344 3157 3418 corpus:
3187 3317 3593 3416 accipiebat
3638 3319 3850 3397 enim

2303 3438 2599 3498 motum
2647 3443 2783 3518 pro
2817 3419 3157 3518 qualibet
3203 3420 3635 3519 operatione
3659 3468 3688 3512 ‚
3738 3418 3850 3499 ita

2303 3522 2504 3619 quod
2537 3519 3105 3617 ‚intelligere‚&
3141 3521 3434 3620 operari
3474 3520 3571 3599 sit
3619 3520 3850 3620 quod·

2296 3624 2478 3700 dam
2529 3619 2814 3698 moveri
2869 3647 2885 3692 z
2941 3644 3166 3719 quem
3239 3622 3466 3700 etiam
3491 3661 3512 3684 .

2302 3721 2652 3820 loquendi
2695 3718 3124 3800 Aristotelen
3168 3723 3411 3822 tangit
3457 3722 3855 3802 infin-de

2307 3821 2669 3919 Anima(
2720 3838 2895 3900 text.
2944 3847 3138 3902 com.
3185 3849 3302 3901 xx.
3354 3823 3383 3920 )
3434 3823 3851 3906 §eumdum

2305 3922 2450 4002 hoc
2499 3947 2677 4022 ergo
2725 3923 3010 4002 dicebat
3060 3977 3091 4020 ‚
3154 3925 3506 4023 primum„
3543 3947 3857 4004 movens

2308 4023 2385 4101 se
2435 4024 2675 4124 ipsum
2724 4047 3029 4102 movere
3074 4024 3273 4122 quod
3327 4024 3684 4124 intelligit
3732 4023 3858 4119 se,

2305 4123 2380 4216 8,(
2429 4122 2638 4220 vult,
2687 4123 2812 4207 vel
2860 4138 3062 4202 amat
3111 4124 3259 4239 se}
3327 4125 3528 4238 quod
3569 4123 3858 4241 hyali.

2304 4247 2478 4440 ἓῖῗέ
2492 4239 3062 4440 &iffi-{¹12²
3097 4225 3854 4408 ifffflssstss

2305 4425 2606 4524 aliquod
2653 4448 2983 4526 primum
3276 4443 3577 4508 moveat
3625 4427 3706 4505 se
3749 4429 3852 4512 fe».

2305 4527 2628 4604 cundum
2702 4526 3085 4605 Platonem
3131 4579 3160 4622 ‚
3227 4527 3303 4608 8<
3370 4529 3714 4609 devenire
3759 4528 3855 4610 ad

2313 4626 2641 4725 primum
2687 4629 2885 4728 quod
2934 4626 3256 4708 mmino
3291 4630 3392 4711 sit
3461 4629 3857 4712 immobile
4003 4635 4018 4650 '

2305 4727 2710 4807 secundum
2761 4727 3297 4811 Aristotelem·.

2419 4829 2680 4909 Aliam
2727 4849 2976 4912 autem
3025 4831 3604 4932 propositionem
3644 4886 3673 4929 ‚
3726 4831 3858 4914 fci-

664 4927 2218 5035 pernaturanx3&hocve1momex
2313 4927 3867 5064 licetquodinmoventtbm·,&motie

3701 5054 3960 5115 820³>

2967 5236 3012 5256 VN
