4597 5696
1471 292 1512 326 .
2471 202 2593 304 0
3011 320 3022 329 .

748 399 832 460 40
1375 378 1512 444 DE
1567 367 2157 444 -VERITATE
2217 377 2943 445 CATHOLICAE
3005 381 3322 445 FIDEI

753 490 914 592 quae
975 472 1266 573 tantum
1322 495 1531 587 sunt,
1583 499 1785 574 Deus
1837 511 2136 591 tamen,
2186 496 2318 595 qui
2420 506 2715 593 propter
2746 492 3384 590 imperfectionem
3421 489 3642 592 ipfius
3693 493 3832 575 effe
3860 499 3986 577 ab·

748 606 904 672 non
964 594 1063 676 est
1116 596 1315 675 aliud
1367 621 1592 696 quam
1672 596 1878 675 suum
1931 598 2070 674 effe
2118 652 2146 691 ,
2215 596 2317 674 est
2421 593 2636 672 soluti
2708 594 2736 690 (
2790 619 2937 672 non
3009 596 3217 672 enim
3299 595 3448 693 ipsa
3516 595 3793 674 habent
3843 604 3984 678 effe

744 697 1260 775 universaliter
1312 724 1441 776 ens
1493 695 1937 797 perfectum.
1996 703 2098 776 Et
2149 698 2316 778 dico
2420 694 2815 773 secundum
2905 712 3146 773 totum
3244 695 3453 774 suum
3521 698 3713 794 poss'e
3763 697 3793 794 )
3864 700 3983 783 sed

744 797 1258 878 universaliter
1295 797 1698 899 perfectum
1724 853 1752 892 ,
1791 799 1914 878 cui
1945 813 2093 878 non
2123 798 2313 877 deest
2351 794 2854 895 *participant
2930 799 3067 873 esse
3139 821 3272 895 per
3322 798 3711 896 quemdam
3761 802 3982 897 parti-

744 897 1058 993 alicuius
1111 902 1403 1000 generis
1461 900 1807 980 nobilitas
1832 959 1850 978 .
2411 897 2734 974 cularem
2764 898 3118 992 modum,
3152 919 3226 978 et
3248 895 3972 998 imperfectiffimum.

856 1028 916 1076 1.
972 1002 1245 1080 Omnis
1281 1002 1487 1079 enim
1520 1001 1868 1082 nobilitas
1901 1002 2306 1098 cujuscum-

740 1125 886 1201 que
937 1101 1042 1179 rei
1098 1102 1197 1181 est
1251 1103 1384 1182 fibi
1441 1103 1839 1182 secundum·
1889 1102 2096 1181 suum
2147 1105 2309 1180 effe:

738 1200 944 1279 nulla
997 1204 1200 1281 enim
1254 1203 1605 1282 nobilitas
1658 1206 1829 1283 esset
1884 1204 2174 1283 homini
2222 1230 2312 1283 ex

738 1301 864 1380 sua
915 1300 1273 1404 sapientia
1310 1358 1338 1397 ,
1409 1303 1542 1394 nifi
1611 1329 1740 1402 per
1812 1320 1979 1383 earn
2034 1306 2311 1404 sapiens

735 1405 954 1498 esset,
1007 1423 1082 1483 et
1136 1405 1230 1483 fic
1285 1405 1375 1482 de
1413 1404 1616 1483 aliis.
1672 1405 1792 1488 Sic
1833 1431 2009 1504 ergo
2064 1407 2311 1485 secun-

734 1503 912 1580 dum
966 1506 1273 1584 modum
1326 1531 1477 1605 quo
1528 1530 1641 1582 res
1693 1506 1915 1585 habet
1965 1508 2154 1603 effe,
2206 1505 2307 1584 est

734 1602 900 1682 suus
951 1607 1213 1685 modus
1266 1606 1341 1683 in
1398 1606 1790 1686 nobilitate
1831 1634 1849 1684 ε
1922 1633 2095 1685 nam
2150 1633 2305 1704 τες,

731 1702 1131 1784 secundum
1202 1710 1400 1807 quod
1473 1708 1680 1786 suum
1751 1710 1891 1786 effe
1942 1710 2306 1787 contrahi-

728 1819 851 1885 tur
900 1807 992 1885 ad
1043 1806 1369 1908 aliquem
1407 1808 1796 1911 specialem
1830 1811 2140 1889 ‘modum
2176 1837 2300 1888 no·

727 1904 1040 1987 bilitatis
1091 1909 1503 2005 maiorem,
1553 1912 1676 1990 vel
1727 1911 2144 2004 minorem,
2195 1911 2297 1989 di-

724 2007 918 2086 citur
1003 2012 1144 2086 ess'e
1222 2011 1618 2090 secundum
1711 2011 1852 2089 hoc
1929 2012 2296 2105 nobilior,

724 2107 847 2183 vel
899 2108 1165 2187 minus
1202 2111 1473 2189 nobilis
1512 2167 1532 2186 .
1609 2110 1844 2208 Igitur
1910 2110 1959 2186 fi
2014 2111 2295 2207 aliquid

725 2205 829 2299 est
882 2207 1004 2285 cui
1055 2210 1423 2308 competit
1469 2224 1627 2288 tota
1678 2210 1912 2288 virtus
1965 2209 2234 2287 ess'endi
2266 2263 2293 2305 ‚

727 2307 802 2385 ei
854 2308 1058 2387 nulla
1139 2310 1373 2389 virtus
1422 2310 1838 2389 nobilitatis
1889 2310 2117 2388 deesse
2169 2336 2292 2409 po-

726 2406 859 2487 test
893 2464 921 2505 ,
988 2435 1147 2511 quae
1201 2410 1421 2490 alicui
1474 2410 1581 2489 rei
1634 2410 2032 2491 conveniat
2072 2467 2092 2488 .
2148 2412 2287 2489 Sed

722 2510 831 2587 rei
884 2536 1041 2611 quae
1095 2510 1193 2589 est
1243 2511 1450 2591 suum
1501 2511 1686 2605 effe,
1737 2512 2094 2612 competit
2146 2512 2284 2589 effe

724 2609 1119 2691 secundum
1172 2629 1404 2691 totam
1476 2614 1741 2692 essendi
1815 2613 2281 2714 potestatem:

725 2710 907 2793 ficut
972 2713 1023 2791 fi
1078 2715 1251 2793 esset
1303 2714 1548 2816 aliqua
1601 2715 1863 2793 albedo
1914 2715 2285 2814 separata,

722 2813 916 2890 nihil
988 2813 1060 2892 ei
1128 2817 1217 2894 de
1269 2816 1543 2896 virtute
1634 2816 1991 2896 albedinis
2057 2817 2288 2895 deeffe

727 2914 1013 3012 poffet:
1091 2939 1267 2992 nam
1336 2917 1560 2995 alicui
1626 2919 1798 2995 albo
1870 2917 2147 3016 aliquid
2198 2919 2287 2996 de

729 3011 1006 3090 virtute
1058 3014 1419 3094 albedinis
1469 3018 1698 3094 deess'e
1749 3016 1980 3116 potest
2032 3042 2121 3095 ex
2173 3019 2287 3095 de-

716 3109 925 3220 {fefflu
976 3109 1391 3215 recipientis
1429 3117 1892 3212 albedinem,
1941 3117 2069 3217 qui
2123 3142 2286 3195 eam

729 3214 1123 3293 secundum
1195 3220 1502 3296 modum
1573 3219 1779 3297 suum
1832 3219 2093 3318 recipit
2135 3273 2162 3313 ,
2211 3235 2288 3298 et

726 3311 1010 3392 sortasse
1084 3342 1234 3394 non
1309 3318 1701 3416 secundum
1771 3338 2011 3398 totum
2088 3321 2282 3420 posse

724 3416 1121 3495 albedinis.
1178 3420 1378 3498 Deus
1416 3420 1684 3519 igitur,
1734 3421 1862 3520 qui
1908 3420 2007 3496 est
2042 3436 2283 3498 totum

721 3517 929 3595 suum
980 3519 1118 3596 effe
1155 3573 1182 3614 ,
1258 3537 1342 3599 ut
1412 3522 1637 3620 suprav
1694 3523 2083 3620 probatum
2134 3520 2275 3617 est,

720 3618 941 3696 habet
993 3621 1130 3695 effe
1202 3619 1589 3700 secundum
1644 3639 1876 3699 totam
1926 3621 2279 3698 virtutem

723 3716 938 3816 ipsius
991 3719 1339 3797 esseznon
1392 3722 1618 3821 potest
1649 3745 1827 3819 ergo
1862 3745 2099 3798 carere
2150 3721 2279 3797 ali-

721 3839 870 3916 qua
923 3817 1308 3896 nobilitate
1379 3845 1537 3919 quae
1589 3821 1809 3900 alicui
1859 3820 1967 3895 rei
2016 3843 2278 3898 conve-

726 3916 891 3994 niat
927 3972 947 3991 .
1023 3917 1226 3997 Sicut
1276 3940 1524 4018 autem
1590 3919 1837 4000 omnis
1890 3918 2278 4012 nobilitas,

723 4034 799 4093 et
849 4011 1201 4117 perfefflio
1238 4019 1417 4097 inest
1453 4021 1602 4116 rei,
1655 4020 2045 4098 secundum
2081 4018 2279 4120 quod

724 4116 822 4194 est
864 4144 888 4200 ς
960 4118 1062 4197 ita
1113 4122 1357 4200 omnis
1409 4119 1727 4201 defee‘lus
1781 4120 1958 4199 inest
2010 4121 2125 4215 ei,
2178 4122 2274 4199 se-

721 4219 1044 4297 cundum
1072 4223 1267 4319 quod
1285 4222 1700 4323 aliqualiter
1733 4248 1882 4302 non
1907 4220 2041 4300 est.
2077 4227 2277 4301 Deus

720 4337 971 4397 autem
1022 4312 1203 4399 ficut
1253 4323 1475 4402 habet
1527 4326 1664 4402 ess'e
1715 4323 2043 4420 totaliter
2078 4377 2104 4418 ,
2172 4323 2276 4400 ita

720 4419 815 4497 ab
866 4443 957 4497 eo
1009 4421 1330 4500 totaliter
1379 4424 1647 4503 abfistit
1689 4451 1840 4504 non
1877 4426 2050 4527 esse:
2102 4424 2276 4522 quia

718 4545 849 4620 per
901 4523 1207 4599 modum
1278 4547 1406 4621 per
1454 4548 1677 4624 quem
1729 4526 1948 4603 habet
1997 4523 2275 4623 aliquid

720 4623 904 4713 ess'e,
958 4620 1204 4700 deficit
1256 4647 1299 4698 a
1352 4650 1505 4701 non
1559 4628 1696 4703 effe
1751 4681 1768 4702 .
1823 4630 1895 4704 A
1954 4628 2119 4702 Deo
2168 4649 2272 4700 er-

660 4725 667 4732 '
721 4745 821 4821 go
872 4723 1113 4800 omnis
1164 4720 1483 4802 defectus
1532 4725 1840 4803 absistit:
1893 4724 1993 4802 est
2048 4725 2274 4823 igitur

719 4821 1220 4911 universaliter
1269 4823 1691 4923 perfectus.¹
1719 4825 1856 4902 Ista
1903 4844 2081 4903 vero
2113 4851 2270 4925 quae

723 4941 1012 5006 tantum
1068 4926 1233 5006 sunt
1261 4980 1290 5027 ,
1342 4924 1767 5027 imperfecta
1819 4924 1983 5007 sunt
2024 4976 2054 5023 ‚
2118 4950 2272 5004 non

2521 1027 2589 1072 2.
2647 1002 2838 1074 Item
2876 1054 2894 1073 .
2972 1002 3223 1077 Omne
3293 997 3802 1099 imperfectum
3854 1027 3981 1079 ne-

2412 1100 2596 1175 cess'e
2649 1095 2748 1174 est
2825 1100 2919 1175 ab
2970 1100 3219 1200 aliquo
3268 1100 3590 1199 perfecto
3640 1104 3977 1197 procede·-

2412 1224 2532 1292 re,
2587 1200 2830 1277 semen
2885 1200 3088 1277 enim
3141 1200 3239 1278 est
3291 1206 3386 1278 ab
3438 1200 3797 1294 animali,
3848 1202 3976 1281 vel

2408 1326 2452 1377 a
2505 1301 2753 1397 planta
2795 1359 2813 1377 .
2887 1301 3123 1399 Igitur
3173 1303 3499 1402 primum
3575 1326 3704 1379 ens
3753 1302 3977 1386 debet

2410 1404 2549 1479 effe
2587 1399 3180 1501 perfectiffimum
3209 1461 3227 1479 .
3282 1403 3673 1481 Ostensum
3722 1421 3974 1482 autem

2409 1502 2507 1578 est
2561 1507 2809 1581 Deum
2884 1505 3024 1581 effe
3074 1506 3400 1603 primum
3468 1530 3599 1583 ens
3635 1559 3655 1578 .
3731 1505 3970 1604 Igitur

2407 1601 2508 1680 est
2560 1601 3148 1704 perfectissimus.
3945 1682 3957 1693 ,

2513 1731 2578 1805 3.
2640 1702 3025 1804 Amplius.
3082 1706 3683 1808 Unumquodque
3733 1705 3966 1808 perfe-

2401 1822 2606 1883 ctum
2660 1804 2759 1882 est
2799 1859 2826 1900 ,
2900 1806 3341 1909 inquantum
3412 1809 3510 1888 est
3562 1826 3772 1893 actu3
3825 1810 3963 1887 im-

2399 1905 2816 2021 perfectum·
2845 1924 3141 2003 autem,
3196 1910 3590 2026 secundum
3619 1910 3963 2013 quodest

2402 2033 2479 2084 1n
2537 2022 2868 2104 potentia
2903 2061 2928 2100 ,
3007 2035 3179 2087 curn
3252 2029 3667 2107 pr1vat10ne
3718 2028 3956 2093 λαως.

2404 2108 2485 2182 ld
2539 2107 2763 2202 igitur
2813 2109 3008 2204 quod
3060 2109 3268 2187 nullo
3316 2112 3542 2186 modo
3590 2110 3689 2185 est
3729 2110 3805 2185 in
3829 2137 3959 2208 po·

2398 2206 2626 2282 tentia
2653 2259 2678 2297 ,
2731 2205 2850 2283 sed
2903 2204 3006 2282 est
3059 2206 3261 2286 afius
3311 2233 3531 2308 purus
3583 2262 3610 2303 ,
3662 2228 3956 2306 oportet

2395 2303 2994 2406 perfetstiffimum
3046 2310 3185 2385 effe
3231 2365 3249 2383 .
3307 2309 3498 2386 Tale
3531 2327 3800 2411 ⁴autem
3850 2312 3955 2392 est

2391 2408 2634 2485 Deus.
2691 2405 2928 2503 Igitur
2979 2406 3079 2486 est
3132 2405 3769 2508 perfefflffimum.

2489 2535 2561 2605 4
2617 2507 2883 2587 Adhuc
2927 2563 2947 2582 .
3031 2512 3250 2588 Nihil
3304 2509 3459 2608 agit
3512 2511 3643 2588 nifi
3701 2514 3951 2611 secun-

2386 2607 2565 2685 dum
2616 2608 2812 2707 quod
2863 2607 2963 2686 est
3017 2609 3097 2688 in
3149 2610 3314 2689 asin
3358 2666 3377 2686 .
3434 2610 3945 2711 Aelio-igitur

2385 2708 2852 2808 consequitur
2903 2713 3216 2790 modum
3262 2729 3464 2791 actus
3519 2711 3598 2789 in
3652 2731 3944 2813 agente:

2391 2808 2831 2910 impoffibile
2905 2812 3003 2892 est
3081 2814 3308 2913 igitur
3393 2812 3735 2893 effectum
3812 2812 3950 2915 qui

2389 2937 2517 3010 per
2567 2913 2936 2992 actionem
2989 2916 3366 3009 educitur,
3393 2916 3557 2991 ,effe
3600 2916 3680 2993 in
3730 2919 3942 3000 nobi-

2392 3012 2561 3089 liori
2611 3031 2777 3091 actu
2801 3041 3024 3114 quam
3063 3016 3149 3095 fit
3179 3035 3378 3095 actus
3404 3017 3731 3114 agentis3
3781 3019 3941 3119 pos-

2390 3111 2598 3189 fibile
2676 3114 2773 3190 est
2828 3135 3075 3194 tamen
3125 3135 3370 3196 actum
3447 3118 3747 3198 effectus
3801 3121 3948 3200 im·.

2385 3212 2895 3312 perfectiorem
2947 3219 3087 3295 esse
3136 3244 3362 3318 quam
3412 3217 3496 3296 fit
3523 3236 3723 3298 actus
3774 3246 3941 3299 cau·

2387 3312 2472 3391 sae
2525 3316 2856 3414 agentis,
2909 3344 3001 3399 eo
3054 3321 3253 3419 quod
3302 3320 3498 3399 actio
3540 3319 3769 3418 potest
3819 3322 3941 3408 de-

2385 3415 2663 3510 bilitari
2717 3443 2807 3496 ex
2858 3439 3062 3518 parte
3112 3421 3265 3515 ejus
3318 3422 3398 3498 in
3435 3424 3636 3519 quod
3686 3423 3936 3500 termi-

2383 3535 2596 3595 natur
2633 3574 2651 3592 .
2730 3523 2817 3595 In
2870 3545 3136 3616 genere
3203 3537 3452 3598 autem
3503 3519 3725 3595 causae
3778 3519 3938 3597 effi·

2381 3616 2640 3695 cientis
2695 3617 2779 3695 fit
2830 3620 3157 3698 reductio
3205 3622 3297 3697 ad
3334 3642 3558 3696 unam
3611 3618 3933 3715 causam,

2380 3740 2540 3813 quae
2603 3724 2795 3794 Deus
2825 3718 3133 3811 dicitur,
3184 3736 3267 3797 ut
3316 3743 3405 3798 ex
3439 3716 3653 3795 dictis
3705 3737 3933 3818 patet,

2380 3840 2425 3890 a
2477 3841 2626 3912 quo
2678 3817 2843 3894 sunt
2893 3842 3149 3895 omnes
3204 3843 3359 3912 res,
3412 3817 3595 3897 utin
3633 3820 3930 3920 sequen·

2380 3915 2573 3995 tibus
2624 3917 3066 3996 ostendetur.
3124 3923 3440 4019 Oportet
3469 3917 3696 4019 igitur
3728 3922 3931 4020 quic-

2381 4017 2555 4115 quid
2611 4035 2776 4096 actu
2828 4019 2928 4097 est
2983 4021 3063 4097 in
3115 4046 3572 4121 quacumque
3625 4046 3703 4098 re
3753 4022 3928 4117 alia,

2377 4117 2694 4197 inveniri
2774 4119 2854 4197 in
2934 4124 3099 4200 Deo
3169 4122 3410 4200 multo
3479 4123 3926 4202 eminentius

2379 4243 2600 4317 quam
2635 4219 2718 4298 sit
2772 4220 2850 4298 in
2876 4247 2951 4298 re
2990 4222 3158 4317 illa,
3209 4245 3361 4301 non
3410 4244 3656 4304 autem
3694 4248 3930 4302 econ-

2377 4321 2628 4399 verso.
2674 4319 2796 4398 Est
2824 4324 3046 4423 igitur
3096 4330 3296 4402 Deus
3334 4324 3925 4423 perfectiffimus.

2390 4459 2394 4463 >
2492 4447 2552 4519 ς.
2612 4427 2801 4500 Item
2825 4480 2842 4497 .
2907 4429 2991 4502 ln
3043 4449 3484 4526 unoquoque
3537 4451 3803 4527 genere
3826 4426 3929 4504 est

2375 4521 2655 4623 aliquid
2726 4523 3318 4622 perfectiffimum
3388 4530 3469 4607 in
3519 4552 3788 4629 genere
3841 4528 3926 4602 il-

2375 4621 2454 4699 lo
2486 4678 2512 4717 ,
2587 4624 2676 4700 ad
2727 4628 2925 4723 quod
2976 4629 3229 4704 omnia
3294 4651 3455 4727 quae
3508 4630 3677 4707 sunt
3726 4627 3924 4705 illius

2373 4724 2661 4821 generis
2700 4777 2725 4816 ,
2810 4727 3309 4810 mensurantur
3351 4757 3369 4805 ε
3445 4730 3620 4829 quia
3692 4753 3782 4806 ex
3825 4751 3923 4812 eo

2374 4829 2941 4927 unumquodque
2973 4830 3367 4908 ostenditur
3395 4830 3630 4930 magis
3681 4829 3753 4907 8<
3783 4826 3922 4904 mi-

2371 4950 2507 5007 nus
2583 4929 2722 5006 effe
2794 4928 3200 5030 perfectum
3250 4934 3447 5032 quod
3496 4933 3587 5010 ad
3638 4925 3920 5108 merrgsttg
