4597 5696
770 342 888 400 162

742 443 1074 529 ‘Constat
1124 454 1380 525 aufem
1437 445 1641 544 quod
1693 446 2062 547 quicquid.
2111 451 2312 527 Deus

765 573 975 632 nunc
1025 548 1194 628 vult
1247 547 1450 648 quod
1501 546 1603 628 sit
1636 602 1664 646 ‚
1716 549 1811 627 ab
1865 572 2139 630 aeterno
2185 578 2313 629 vo-

735 651 917 733 ‚luit
967 651 1171 749 quod
1224 650 1362 728 sit:
1423 675 1576 727 non
1615 651 1814 729 enim
1859 679 2098 732 novus
2151 679 2310 730 mo-

765 769 894 833 tus
969 753 1380 833 voluntatis
1455 752 1526 829 ei
1600 752 1953 833 advenire
2025 756 2310 854 potest,

728 879 910 935 ‚nec
984 854 1262 956 aliquis
1325 851 1719 954 destffins,
1789 857 1915 935 vel
1993 857 2305 956 impedi-

767 975 1116 1037 mentum
1151 956 1503 1057 potentiae
1557 955 1712 1055 ejus
1758 959 1995 1038 adess'e
2033 961 2302 1060 potuit:

770 1061 895 1147 vel
969 1060 1249 1159 aliquid
1321 1059 1528 1138 aliud
1610 1058 1983 1158 expeciari
2063 1064 2313 1159 potuit

771 1162 865 1241 ad
958 1161 1391 1241 universalis
1475 1172 1828 1242 cr‘eaturae
1896 1163 2312 1263 produfiio-

767 1289 996 1360 nem,
1047 1290 1222 1344 cum
1268 1262 1469 1341 nihil
1508 1264 1712 1341 aliud
1763 1264 2305 1347 sitincreatum

768 1366 1129 1466 nisiipse
1181 1365 1429 1462 solus,
1480 1381 1567 1444 ut
1620 1366 1832 1465 supra
1885 1369 1914 1465 (
1966 1393 2126 1468 cap.
2178 1396 2304 1448 vr.

765 1470 843 1548 8<
896 1496 1029 1551 xv..
1073 1470 1106 1566 )
1152 1467 1518 1557 ostensum
1575 1466 1674 1546 est
1710 1524 1757 1546 ..
1788 1473 2304 1551 Neceffarium

764 1571 1000 1673 igitur
1053 1570 1348 1650 videtur
1397 1570 1597 1671 quod
1651 1570 1745 1647 ab
1779 1589 2056 1652 aeterno
2106 1599 2307 1655 crea-

766 1690 1017 1755 turam
1072 1671 1153 1752 in
1206 1674 1346 1751 effe
1401 1672 1867 1772 produxerit.

877 1802 942 1874 ς.
997 1778 1410 1857 Praeterea.
1494 1778 1747 1872 Agens
1818 1799 1946 1874 per
2013 1774 2305 1855 intelle-

761 1872 974 1957 &um
1030 1902 1187 1955 non
1241 1874 1608 1976 praeeligit
1648 1900 1884 1954 unum
1923 1877 2130 1958 alteri
2158 1880 2304 1958 nisi

761 1997 1066 2079 propter
1116 1977 1751 2079 praeeminentiam
1800 1979 2020 2058 unius
2072 1980 2162 2059 ad
2203 1983 2305 2060 al-

761 2094 1009 2165 terum
1043 2136 1063 2158 .
1137 2082 1277 2163 Sed
1357 2081 1486 2158 ubi
1546 2081 1754 2159 nulla
1807 2079 1905 2158 est
1957 2081 2298 2161 differen-

766 2179 938 2276 tia,
1006 2207 1165 2261 non
1218 2181 1453 2282 potest
1507 2184 1645 2259 ess'e
1701 2183 2296 2280 praeminentia.

763 2282 927 2362 Ubi
966 2282 1204 2383 igitur
1241 2286 1448 2365 nulla
1482 2283 1584 2365 est
1616 2284 2034 2363 differentia
2066 2338 2093 2380 ‚
2146 2312 2303 2365 non

762 2381 857 2463 fit
906 2384 1321 2485 praeeleffio
1375 2387 1596 2466 unius
1648 2386 1738 2466 ad
1795 2389 2111 2465 alterum
2153 2414 2177 2482 3
2225 2388 2304 2467 8<

763 2505 1067 2586 propter
1142 2489 1286 2568 hoc
1341 2489 1435 2568 ab
1488 2506 1755 2589 agente
1806 2488 1901 2569 ad
1954 2489 2300 2568 utrumli-

758 2588 888 2667 bet
940 2588 1012 2669 se
1049 2590 1370 2669 habente
1406 2590 1839 2692 aequaliter,
1897 2592 2104 2671 nulla
2156 2592 2301 2671 erit

755 2687 1001 2791 astio,
1036 2690 1216 2774 ficut
1247 2718 1384 2773 nec
1435 2720 1479 2772 a
1528 2692 2066 2773 materia:ta1is
2103 2696 2310 2773 enim

753 2796 1088 2896 potentia
1121 2796 1546 2877 affimilatur
1599 2797 1940 2898 potentia:
1960 2798 2304 2878 materiae.

754 2899 945 2978 Non
996 2899 1188 2977 entis
1236 2918 1485 2979 autem
1535 2901 1628 2979 ad
1677 2924 1829 2978 non
1895 2921 2026 2979 ens
2102 2901 2303 2980 nulla

753 2995 989 3098 potest
1045 3001 1184 3078 effe
1234 3001 1644 3081 differentia
1680 3055 1700 3077 .
1757 3002 2018 3078 Unum
2072 3002 2303 3099 igitur

1387 3102 1448 3180 est
1500 3101 1712 3180 alteri
1785 3102 2261 3201 praeeligibile
2285 3161 2304 3181 .

1387 3227 1513 3281 am
1579 3218 2074 3281 creaturarum
2145 3206 2306 3285 uni·-

1430 3303 1531 3385 est
1585 3303 1714 3382 nifi
1752 3305 2116 3385 aeternitas
2140 3307 2306 3385 Dei.

1387 3433 1443 3485 n
1494 3432 1647 3486 non
1671 3407 1960 3507 possunt
2008 3407 2306 3508 affigna·

1387 3509 1636 3612 aliqua
1709 3524 2260 3591 momentorum
2280 3564 2310 3609 ‚

1394 3614 1450 3692 is
1503 3628 1838 3714 oporteat
1887 3611 2165 3714 aliquid
2185 3612 2309 3693 fie-

900 3798 925 3811 ι
1387 3715 1477 3792 io
1526 3741 1545 3790 ε
1615 3712 1953 3791 {imiliter
2017 3739 2155 3794 nec
2224 3715 2311 3796 in‘

756 3813 1165 3892 aeternitate
1197 3866 1226 3909 ‚
1278 3838 1438 3914 quae
1491 3829 1645 3892 tota
1698 3811 1797 3892 est
1866 3813 2258 3897 uniformis
2277 3867 2305 3914 ‚

753 3912 834 3994 ἃ
883 3911 1307 4011 fimpliciter
1343 3968 1371 4009 ‚
1423 3931 1507 3994 ut
1575 3914 1658 3993 in
1734 3915 1978 4017 primo
2043 3917 2072 4017 (
2139 3920 2308 4000 Libe

753 4038 914 4116 cap.
941 4034 1087 4094 xv.
1132 4013 1172 4114 ’)
1219 4013 1594 4097 ostensum·
1635 4014 1775 4096 est.
1830 4019 2312 4121 Relinquitur

754 4118 988 4218 igitur
1029 4120 1235 4217 quod
1282 4120 1623 4198 voluntas
1675 4121 1824 4199 Dei
1891 4122 1963 4200 se
2013 4123 2302 4224 aequali-

752 4231 870 4301 ter
923 4220 1147 4298 habet
1181 4222 1273 4299 ad
1325 4222 1870 4321 producendum
1896 4240 2302 4303 creaturam

753 4346 887 4422 per
937 4335 1173 4402 totam
1226 4322 1709 4403 aeternitatem
1750 4381 1770 4402 .
1831 4329 2004 4409 ,Αυῑ
2076 4326 2309 4425 igitur

753 4422 1096 4504 voluntas
1149 4426 1273 4505 sua
1324 4426 1423 4505 est
1474 4428 1567 4505 'de
1616 4425 1758 4507 hoc
1828 4425 2026 4528 quod
2094 4449 2305 4503 num·

750 4549 980 4626 quam
1048 4546 1376 4609 creatura
1443 4530 1571 4608 sub
1640 4527 2062 4608 .aeternitate
2148 4524 2307 4624 ejus

753 4628 1235 4709 constituatur
1265 4682 1292 4720 ‚
1343 4647 1472 4707 aut
1519 4633 1717 4730 quod
1758 4632 2071 4733 semper
2136 4654 2307 4711 con-

753 4727 930 4809 stet.
985 4731 1169 4808 Non
1221 4725 1322 4806 est
1371 4746 1620 4807 autem
1638 4733 1978 4812 voluntas
2028 4729 2182 4830 ejus
2213 4732 2307 4810 de

752 4829 898 4911 hoc
947 4830 1145 4927 quod
1196 4849 1604 4927 numquam
1621 4852 1963 4913 creaturae
1999 4835 2127 4914 sub
2149 4833 2309 4932 ejus

748 4932 892 5037 cite
912 4947 1192 5015 aeterno
1241 4929 1776 5014 constituantur
1791 4988 1819 5035 ‚
1836 4959 2010 5019 cum
2057 4954 2311 5044 pateat

1376 334 1516 403 DE
1575 256 2940 444 VER1T4*&CATHOLICAE
2990 330 3310 458 QD‘EI

3109 183 3160 323 1

2410 466 2773 530 creaturas
2826 445 3242 532 volufitiz‘
3275 447 3431 550 ejus
3479 348 3968 533 effe-*institu-

2413 571 2555 631 tas.
2614 547 3325 672 Reliquitunssgig‘i‘tur
3373 555 3462 634 de
3512 555 3964 649 necestitate,

2413 674 2496 735 ut
2543 655 2880 752 videtur,
2932 658 3131 755 qnod
3152 674 3478 735 creatura
3507 655 3959 757 semperfuit.

2514 762 2583 836 6.
2647 759 2945 838 Adhuc.
3002 761 3312 858 Eaiquae
3352 760 3515 838 sunt
3561 760 3655 837 ad
3703 756 3963 858 finem,

2406 861 2898 939 necessitatem
2942 859 3214 940 habent
3265 885 3366 940 ex·
3407 859 3554 939 fine
3591 913 3619 955 .,
3685 860 3758 937 &
3810 884 3962 954 ma-

2410 963 2614 1041 xime
2668 963 2749 1040 in
2802 963 2912 1041 his
2965 988 3123 1063 quae
3176 963 3556 1043 voluntate
3606 981 3963 1062 aguntur.

2415 1067 2736 1165 Oportet
2789 1064 3017 1164 igitur
3066 1067 3266 1166 quod
3317 1064 3466 1146 fine
3486 1064 3750 1144 eodem
3806 1089 3962 1143 mo-

2411 1166 2508 1245 do
2561 1166 2629 1245 se
2681 1166 3041 1260 habente,
3093 1193 3178 1245 ea
3253 1193 3359 1248 uae
3413 1166 3685 1247 suntad
3705 1164 3963 1263 finem,

2408 1270 2546 1349 eod
2724 1271 2950 1383 modo
3000 1271 3071 1367 se
3124 1194 3481 1393 {gaqxann
3526 1270 3645 1347 vel
3701 1270 3965 1370 produ-

2406 1399 2491 1451 ca
2701 1358 3311 1480 {miiiffleniat
3365 1396 3557 1452 nova
3611 1370 3962 1452 habitudo

2393 1498 2666 1553 eorum
2719 1472 2810 1552 ad
2861 1475 3090 1553 finem
3127 1531 3146 1551 .
3203 1474 3412 1561 Finis
3463 1491 3710 1552 autem
3763 1496 3959 1551 crea·

2407 1594 2739 1655 turarum
2792 1601 2880 1655 ex
2952 1576 3210 1657 divina
3278 1577 3655 1656 voluntate
3708 1598 3957 1674 proce·

2409 1676 2902 1774 dentium‚est
2956 1678 3208 1757 divina
3262 1678 3754 1777 bonitas‚quae
3811 1676 3959 1755 sola

2410 1778 2636 1879 potest
2680 1782 2819 1860 esse
2835 1779 3102 1859 divina:
3125 1779 3524 1860 voluntatis
3560 1778 3746 1858 finis.
3765 1780 3961 1857 Cum

2411 1882 2639 1981 igitur
2655 1883 2904 1962 divina
2941 1882 3229 1962 bonitas
3266 1883 3343 1960 in
3364 1901 3518 1979 tota
3552 1880 3957 1961 aeternitate
4015 1925 4040 1953 ·

2407 1987 2669 2063 eodem
2722 1985 2948 2065 modo
3002 1985 3071 2063 se
3125 1985 3389 2064 habeat
3425 1985 3503 2063 in
3559 1984 3631 2064 se
3675 2037 3703 2079 ‚
3752 1982 3828 2063 8<
3878 1981 3961 2062 in

2402 2088 2951 2187 comparatione
2976 2088 3066 2165 ad
3098 2087 3429 2165 divinam
3465 2085 3959 2180 voluntatem
4099 2134 4105 2139 -

2404 2188 2697 2267 videtur
2718 2242 2744 2284 ,
2778 2191 2975 2288 quod
2995 2189 3253 2267 eodem
3270 2189 3496 2265 modo
3512 2205 3854 2264 creaturae
3880 2186 3964 2261 in

2407 2290 2548 2367 effe
2579 2291 3099 2389 producuntur
3176 2313 3222 2366 a
3271 2287 3523 2367 divina
3576 2287 3959 2367 voluntate

2407 2391 2487 2467 in
2541 2407 2694 2470 tota
2747 2391 3149 2469 :eternitate
3194 2417 3212 2467 :
3268 2415 3423 2468 non
3474 2388 3676 2466 enim
3730 2383 3964 2486 potest

2402 2492 2548 2571 dici
2575 2547 2601 2585 ,
2620 2493 2817 2593 quod
2834 2490 3081 2593 aliqua
3113 2514 3305 2569 nova
3325 2488 3588 2569 relatio
3622 2489 3727 2567 eis
3751 2489 3965 2568 adve-

2401 2594 2593 2672 nerit
2644 2594 2736 2672 ad
2788 2592 3109 2689 finem‚fi
3136 2594 3423 2692 penitus
3473 2605 3785 2691 ponatur
3804 2612 3961 2669 non

2411 2693 2617 2775 fuiffe
2637 2713 2808 2776 ante
2840 2694 3143 2794 aliquod
3172 2692 3744 2774 determinatum
3778 2707 3967 2772 tem-

2407 2822 2585 2899 pus,
2635 2823 2681 2877 a
2730 2823 2881 2900 quo
2933 2796 3276 2898 incepisse
3328 2810 3736 2897 ponuntur.

2510 2928 2582 3002 7.
2657 2902 2923 2981 Adhuc
2959 2956 2979 2977 .
3047 2903 3244 2980 Cum
3329 2897 3620 2978 bonitas
3710 2893 3967 2976 divina
4044 2999 4048 3003 ‚

2402 3000 2912 3102 perfee‘tiffima
2961 3001 3047 3080 fit
3085 3055 3114 3098 ‚
3166 3025 3319 3080 non
3368 2999 3511 3079 hoc
3579 3001 3807 3080 modo
3859 2997 3967 3078 di-

2407 3105 2604 3183 citur
2648 3158 2675 3200 ‚
2727 3105 2927 3205 quod
2977 3102 3233 3183 omnia
3277 3128 3325 3181 a
3380 3105 3548 3182 Deo
3613 3101 3965 3204 processe-

2408 3221 2600 3285 runt·
2630 3225 2927 3306 propter
2967 3205 3383 3285 bonitatem
3459 3203 3613 3302 ejus
3644 3258 3669 3300 ‚
3736 3217 3819 3283 ut
3885 3198 3965 3281 ei
4053 3266 4058 3271 .

2407 3308 2692 3410 aliquid
2743 3330 2837 3386 ex
2886 3307 3235 3387 creaturis
3287 3308 3720 3387 accresceret
3764 3331 3788 3398 ς
3840 3303 3994 3385 sed-

2407 3410 2583 3511 quia
2635 3410 2987 3490 bonitatis
3037 3409 3139 3490 est
3190 3424 3275 3488 ut
3340 3409 3413 3489 se
3462 3409 3693 3509 ipsam
3760 3431 3964 3487 com·

2403 3512 2788 3609 municet‚
2840 3529 3056 3613 prout
3108 3511 3436 3613 possibile
3485 3511 3628 3605 est,
3680 3511 3762 3587 in
3809 3531 3971 3606 quo

2409 3615 2699 3696 bonitas
2782 3611 3280 3693 manifestatur
3313 3668 3335 3690 .
3426 3615 3622 3690 Cum
3709 3619 3962 3688 autem

2407 3718 2662 3796 omnia
2715 3717 3122 3796 bonitatem
3163 3711 3305 3790 Dei
3358 3711 3796 3810 participent
3846 3708 3961 3786 in-

2405 3835 2766 3918 quantum
2790 3816 3060 3893 habent
3109 3811 3289 3906 effe,
3317 3812 3709 3890 secundum
3759 3809 3965 3908 quod

2409 3919 2865 3999 diuturniora
2940 3916 3100 3993 sunt
3134 3968 3162 4012 ‚
3236 3914 3477 4014 magis
3548 3913 3962 3992 bonitatem

2412 4022 2560 4099 Dei
2613 4017 3101 4121 participant:
3154 4013 3350 4095 unde
3398 4016 3474 4095 &
3525 4013 3661 4094 effe
3712 4033 3965 4115 perpe-
4088 4060 4098 4072 ·

2405 4139 2615 4200 tuum
2695 4119 2955 4220 speciei
3031 4118 3305 4197 dicitur
3374 4119 3734 4205 divinum.
3784 4117 3964 4195 effe.

2400 4222 2702 4302 Bonitas
2719 4237 2966 4301 autem
2988 4219 3239 4300 divina
3260 4219 3553 4302 infinita
3605 4218 3706 4298 est
3728 4275 3745 4294 .
3782 4217 3967 4313 Eius

2408 4324 2637 4424 igitur
2686 4321 2787 4402 est
2843 4342 2924 4404 ut
2975 4323 3044 4402 se
3098 4324 3180 4402 in
3234 4322 3607 4403 infinitum
3623 4325 3971 4402 commu-³

2409 4426 2610 4505 nicet
2626 4480 2652 4522 ,
2681 4449 2831 4504 non
2850 4426 3105 4529 aliquo
3121 4424 3612 4505 determinato
3632 4441 3974 4526 tempore

2405 4542 2734 4608 tantum.
2791 4531 2963 4608 Hoc
3017 4527 3245 4629 igitur
3296 4528 3589 4608 videtur
3639 4529 3733 4606 ad
3777 4524 3977 4605 divi·-

2404 4653 2578 4709 nam
2632 4629 3049 4712 bonitatem
3089 4630 3453 4730 pertinere
3503 4646 3588 4710 ut
3617 4646 3967 4710 creatum

2404 4731 2666 4834 aliquae
2717 4734 2811 4812 ab
2843 4751 3115 4812 aeterno
3166 4731 3473 4813 fuerint.
3532 4734 3717 4813 Haec·
3733 4729 3971 4834 igitur

2407 4835 2571 4932 sunt
2618 4858 2711 4915 ex
2733 4834 2939 4936 parte
2963 4833 3111 4915 Dei
3140 4850 3435 4936 accepta
3452 4886 3480 4930 ‚
3502 4857 3631 4932 per
3683 4860 3837 4936 quae
3857 4835 3970 4914 vi·

2409 4936 2620 5023 detur
2669 4940 2870 5044 quod
2940 4954 3289 5023 creatura.
3336 4935 3621 5043 semper
3651 4932 3965 5123 fuegng.
