4597 5696
1258 414 1853 480 CONTRA
1936 411 2694 484 GENTILES
2778 414 3030 481 LIB.
3116 417 3214 480 11.

3721 432 3832 502 167

612 534 758 615 hoc
808 530 1384 628 confidemnd23
1457 532 1577 615 sed
1660 533 1899 614 solum
1951 558 2179 636 quare
2280 546 2580 631 propter
2617 527 2914 621 finem3
2963 526 3420 640 inquantum·
3489 526 3834 611 effectum

612 653 775 720 non
824 634 1150 740 semper,
1198 634 1379 717 ficut
1406 660 1535 737 per
1584 634 1821 755 {imile
1873 635 1957 716 in
2005 639 2179 722 loco
2262 633 2626 736 -producit
2677 629 3439 732 adparticipatnonem
3476 627 3684 708 finis.
3745 639 3834 714 ln

611 756 973 841 apparet:
1055 737 1519 841 particularia
1590 764 1794 836 emm
1867 763 2175 842 corpora

610 840 793 922 ficut
867 840 950 920 in
1035 857 1370 944 tempore
1436 842 1924 922 determinato
1954 896 1982 936 ‚
2068 841 2174 922 ita

610 944 844 1023 etiam
895 942 985 1021 in
1034 944 1206 1024 loco
1254 944 1743 1025 determinato
1763 946 2166 1046 producun-

609 1060 775 1134 tur3
825 1045 898 1126 8<
948 1045 1123 1146 quia
1173 1045 1452 1126 habent
1498 1065 1704 1126 extra
1753 1048 1826 1126 se
1877 1065 2168 1148 tempus

609 1146 689 1227 8(
737 1144 987 1227 locum
1038 1175 1083 1229 a
1136 1147 1402 1251 quibus
1416 1149 1934 1245 continentur,
1959 1172 2173 1250 opor-

613 1263 724 1329 tet
776 1252 912 1329 esse
959 1251 1326 1334 rationem
1375 1275 1601 1351 quare
1633 1251 1872 1351 magis
1924 1251 2005 1331 in
2028 1249 2170 1332 hoc

612 1348 785 1431 loco
798 1406 824 1448 ‚
874 1352 949 1433 8<
1000 1352 1083 1436 in
1133 1354 1275 1435 hoc
1327 1368 1659 1454 tempore
1678 1354 2173 1455 producuntur

609 1475 842 1553 quam
893 1455 977 1533 in
1024 1454 1178 1537 alio
1204 1510 1225 1534 .
1279 1458 1371 1536 In
1442 1470 1609 1537 toto
1672 1471 1922 1537 autern
1988 1457 2173 1538 caelo

606 1553 639 1653 (
689 1571 894 1640 extra
943 1559 1141 1658 quod
1190 1582 1344 1636 non
1396 1554 1497 1637 est
1546 1558 1753 1638 locus
1788 1611 1818 1654 ‚
1864 1558 1942 1638 &
1990 1557 2166 1639 cuni

610 1679 769 1757 quo
819 1658 1249 1740 universalis
1296 1659 1502 1742 locus
1513 1660 1855 1742 omnium
1906 1662 2164 1760 produ·

612 1758 808 1841 citur
859 1760 888 1859 )
960 1787 1113 1841 non
1193 1759 1295 1840 est
1385 1759 1578 1841 ratio
1655 1760 2172 1842 confideranda

609 1884 840 1961 quare
894 1861 1015 1944 hic
1053 1917 1081 1961 ‚
1130 1862 1205 1946 8(
1274 1888 1430 1950 non
1498 1862 1612 1943 ibi
1690 1862 2171 1946 constitutum

607 1963 773 2043 est:
844 1990 1072 2067 quam
1148 1963 1515 2047 rationem
1588 1964 1768 2065 quia
1857 1968 2166 2068 quidam

608 2065 1154 2150 confiderabant
1222 2067 1253 2164 (
1514 2090 1773 2168 agoras
1859 2069 1935 2150 ἃ
2001 2070 2165 2149 Pla-s

608 2185 737 2263 to,
836 2167 1013 2250 teste
1119 2166 1345 2248 Arist.
1433 2173 1573 2248 ΙΙΙ.
1666 2169 1893 2275 Phys.
1979 2183 2164 2252 text.

608 2293 777 2348 xxv.
832 2269 861 2368 )
911 2270 1335 2352 deciderunt
1366 2269 1448 2350 in
1501 2295 1875 2367 errorem,
1925 2289 2010 2352 ut
2038 2298 2164 2373 po-·

611 2388 876 2449 nerent
927 2370 1303 2461 infinitum
1360 2370 1441 2449 in
1512 2373 1938 2473 corporibus
1988 2402 2007 2452 ε
2091 2374 2167 2458 &

603 2469 1038 2561 similiter-in
1094 2471 1575 2574 productione
1614 2474 1837 2556 totitas
1888 2492 2166 2556 creatu-

534 2603 537 2606 ·
602 2598 740 2668 rae,
794 2593 996 2658 extra
1050 2601 1276 2675 quam
1327 2601 1481 2656 non
1533 2575 1632 2654 est
1689 2593 1981 2677 tempus
2004 2633 2034 2672 κ,
2084 2578 2164 2658 8<

602 2701 779 2758 cum
831 2702 976 2776 qua
1047 2694 1365 2778 tempus.
1405 2677 1645 2764 fimul.
1693 2681 2163 2779 producitur'3

602 2802 758 2859 non
809 2778 909 2856 est
937 2779 1379 2859 attendenda
1430 2779 1622 2859 ratio
1657 2787 1884 2878 quare
1938 2805 2164 2878 nunc,

600 2878 675 2959 &
726 2904 879 2959 non
930 2879 1131 2979 prius
1165 2933 1193 2974 ‚
1244 2897 1328 2958 ut
1380 2903 1509 2979 per
1556 2879 1729 2977 ,hoc
1800 2884 2164 2963 ducamur

602 2980 696 3060 ad
744 2981 1288 3060 concedendam
1309 2981 1661 3081 temporis
1682 2980 2159 3077 infinitatem-3

540 3178 553 3185 ⁶
606 3080 728 3161 sed
776 3081 1011 3163 solum
1064 3106 1291 3183 quare
1362 3108 1529 3164 non
1593 3083 1879 3186 semper
1935 3144 1962 3182 ‚
2034 3087 2159 3169 'vel

604 3208 837 3302 quare
879 3181 1035 3301 post
1088 3209 1243 3264 non
1292 3186 1481 3283 effe,
1504 3186 1630 3272 vel
1678 3214 1854 3270 cum
1902 3191 2162 3294 aliquo

604 3309 1011 3387 princ1p1o.
1214 3344 1219 3353 .

711 3389 836 3468 Ad
886 3387 1027 3466 hoc
1077 3402 1327 3467 autem
1380 3388 1911 3486 inquirendum
1957 3393 2157 3473 sexta

601 3487 803 3575 ratio
850 3488 1330 3569 inducebatur
1381 3515 1469 3571 ex
1522 3509 1728 3593 parte
1760 3491 1970 3587 finis,
2020 3494 2153 3594 qui

605 3589 799 3671 solus
850 3591 1195 3671 inducere
1247 3590 1477 3692 potest
1536 3594 2032 3675 necessitatem
2083 3595 2166 3675 in

598 3689 716 3772 his
767 3717 928 3793 quae
964 3693 1341 3774 voluntate
1377 3713 1725 3793 aguntur.
1782 3697 1992 3776 Finis
2040 3723 2161 3779 au·

600 3808 760 3874 tem
810 3793 1075 3874 divinae
1131 3797 1533 3877 voluntatis
1584 3824 1737 3877 non
1781 3798 2010 3898 potest
2059 3800 2158 3878 es·

605 3896 678 3976 fe
729 3894 860 3974 nifi
899 3895 1059 3994 ejus
1110 3897 1440 3980 bonitas.
1502 3901 1690 3980 Non
1718 3920 1967 3981 autem
2000 3901 2165 4000 agit

600 4017 902 4097 propter
956 3997 1158 4077 hunc
1212 3998 1439 4079 finem
1498 4003 2052 4099 producendum
2074 4004 2159 4082 in

595 4100 737 4178 effe
788 4154 815 4194 ‚
868 4099 1046 4180 ficut
1097 4100 1360 4179 artifex
1410 4100 1571 4201 agit
1636 4121 1938 4205 propter
1985 4132 2157 4184 con-

595 4198 1057 4281 stitutionem
1109 4200 1482 4282 artificiati
1543 4232 1567 4287 a
1621 4230 1791 4284 cum
1865 4207 2159 4287 bonitas

604 4299 764 4397 ejus
818 4301 903 4380 fit
953 4320 1220 4381 aeterna
1271 4304 1344 4381 8<
1423 4307 1917 4389 immutabilis
1961 4364 1981 4399 ‚
2055 4309 2158 4388 ita

589 4402 801 4502 quod
854 4403 921 4480 ei
977 4401 1165 4480 nihil
1219 4409 1621 4486 accrescere
1657 4408 1923 4506 potest.
1981 4415 2152 4491 Nec

596 4502 837 4618 etiam
893 4503 1122 4602 potest
1176 4505 1372 4600 dici,
1424 4510 1620 4608 quod
1660 4528 1952 4611 propter
2002 4512 2156 4604 eius

603 4604 1203 4686 mehorationem
1239 4610 1440 4689 Deus
1468 4628 1673 4711 agat.
1734 4616 1900 4692 Nec
1923 4615 2151 4692 etiam

606 4706 769 4807 agit
820 4725 1118 4811 propter
1182 4708 1380 4789 hunc
1469 4712 1699 4792 finem
1779 4715 2155 4814 acquiren-

596 4809 780 4925 durn
838 4808 1024 4906 fibi,
1076 4808 1256 4893 ficut
1310 4817 1473 4893 Rex
1529 4830 1857 4916 pugnat,
1909 4835 1993 4897 ut
2040 4843 2151 4898 ac·

595 4927 852 5011 qu1rat
903 4912 1356 4995 civitatem:
1414 4910 1565 5014 ipse
1619 4918 1823 4997 enim
1878 4917 1978 4999 est
2032 4926 2155 5001 tua

534 5104 537 5105 f
595 5012 897 5099 bonitas
962 5071 986 5096 .
1055 5018 1310 5107 Restat
1381 5017 1610 5124 igitur
1693 5023 1893 5125 quod
1975 5040 2147 5129 agat

2275 735 2747 838 producendo
2801 733 3032 835 igitur
3080 758 3195 813 res
3245 730 3341 812 fic
3410 754 3706 832 propter
3754 738 3837 813 fi-

2275 841 2474 919 nem‘
2514 894 2543 935 ‚
2591 835 2985 920 uniformis
3057 833 3419 917 habitudo
3497 832 3670 915 finis
3738 839 3834 918 ad

2264 959 2618 1042 agentem
2668 965 2825 1021 non
2875 937 2981 1019 est
3031 937 3551 1022 consideranda
3602 956 3685 1024 ut

2269 1045 2384 1124 tio
2431 1043 2676 1143 operis
2729 1041 3196 1144 sempiterni3
3250 1039 3373 1120 sed
3437 1041 3677 1141 magis
3724 1046 3768 1124 e
3823 1087 3824 1090 κ

2273 1148 2712 1230 attendenda
2786 1144 3141 1244 habitudo
3224 1143 3391 1224 finis
3492 1145 3585 1224 ad
3656 1143 3833 1225 effe·

2271 1247 2527 1346 cium,
2580 1248 2714 1348 qui
2765 1247 2851 1328 fit
2902 1264 3199 1349 propter
3248 1246 3474 1326 finem
3514 1271 3540 1336 ς
3591 1263 3677 1327 ut
3727 1264 3835 1327 ta·

2273 1351 2448 1433 liter
2519 1353 2956 1450 producatur
3029 1347 3329 1432 effectus
3380 1404 3408 1445 ‚
3503 1349 3832 1450 qualiter

2271 1451 2848 1537 convenientius
2926 1453 3309 1535 ordinetur
3378 1451 3473 1532 ad
3555 1450 3832 1531 finem:

2267 1557 2462 1637 unde
2513 1581 2644 1657 per
2694 1557 2846 1637 hoc>
2884 1557 3086 1658 quod
3133 1553 3304 1636 finis
3352 1551 3838 1637 uniformiter

2264 1660 2340 1740 se
2418 1658 2642 1740 habet
2706 1660 2801 1741 ad
2870 1676 3214 1757 agentem
3253 1711 3282 1754 ‚
3364 1681 3519 1736 non
3642 1653 3832 1742 otest

2270 1761 2615 1843 concludi
2652 1815 2684 1859 ,
2750 1761 2951 1865 quod
3017 1757 3313 1842 effcfius
3395 1757 3484 1838 fit
3591 1758 3831 1860 empi-

2271 1879 2561 1945 ternus.
3815 1896 3822 1904 ·

2372 1962 2694 2047 Nec1est
2745 1961 3227 2047 necess'arium
3314 1959 3660 2043 effeEtum
3715 1958 3828 2041 di-

2264 2065 2537 2146 vinum
2589 2068 2875 2170 semper
2951 2063 3162 2147 suiffe
3211 2111 3259 2160 ‚·
3310 2082 3608 2166 propter
3676 2063 3824 2146 hcc

2320 2169 2465 2250 uod
2517 2168 2614 2249 fic
2663 2168 3230 2251 convenientius
3283 2167 3668 2248 ordinetur
3729 2167 3830 2247 ad

2321 2281 2499 2351 nern
2548 2325 2582 2366 ‚
2627 2287 2714 2351 ut
2781 2271 3090 2371 septima
3159 2267 3352 2349 ratio
3431 2270 3827 2369 procedere

2265 2373 2695 2462 videbatur3
2749 2373 2870 2453 sed
2916 2370 3479 2452 convenientius
3529 2370 3688 2452 ordi
3697 2395 3830 2448 nas

2268 2491 2388 2554 tur
2436 2479 2528 2560 ad
2579 2473 2808 2555 finem
2878 2491 3176 2576 propter
3243 2472 3382 2552 hoc
3450 2472 3649 2572 quod
3718 2470 3826 2554 efl:

2262 2603 2416 2657 non
2471 2580 2762 2676 semper
2781 2575 2989 2657 fuisse
3010 2633 3030 2655 .
3085 2577 3344 2654 Omne
3361 2575 3564 2653 enim
3589 2596 3826 2687 agens

2261 2681 2700 2780 producens·
2739 2674 3090 2756 effectum
3161 2674 3244 2756 'm
3314 2673 3825 2777 participatio·

2264 2804 2462 2859 nem2
2496 2780 2634 2861 suae
2688 2774 2989 2874 formae,
3039 2775 3374 2859 intendit,
3428 2777 3510 2858 in
3563 2801 3659 2859 eo
3706 2775 3826 2858 ine

2260 2882 2527 2963 ducere
2581 2882 2785 2961 suam
2835 2878 3400 2960 fimilitudinem
3428 2937 3449 2958 .
3503 2880 3634 2965 sic
3677 2879 3705 2959 i
3763 2878 3826 2946 ‘-

2261 2999 2381 3066 tur
2430 2984 2710 3065 divinae-
2754 2981 3123 3064 voluntati
3172 2982 3642 3065 conveniens
3711 2979 3830 3066 uit

2259 3086 2342 3166 in
2365 3087 2504 3168 suae
2558 3084 2913 3167 bonitatis
2937 3085 3592 3188 participationem
3625 3110 3826 3167 creas

2259 3206 2503 3270 turam
2555 3192 2960 3293 producere
2995 3242 3026 3285 ‚
3094 3204 3180 3270 ut
3231 3189 3356 3270 sua
3404 3187 3826 3272 fimilitudi·

2261 3318 2358 3369 ne
2410 3292 2748 3371 divinam
2800 3287 3216 3370 bonitatem
3252 3292 3839 3389 repraefentaretae

2256 3394 2445 3471 Non
2499 3407 2748 3471 autem
2803 3390 3070 3489 potest:
3092 3392 3236 3470 effe
3311 3391 3484 3472 talis
3561 3414 3823 3492 repraeae

2256 3492 2566 3572 sentatio
2666 3515 2746 3571 er
2793 3492 3109 3571 modum
3182 3517 3243 3571 κ
3297 3491 3620 3573 ualitatis
3650 3545 3681 3590 ‚
3732 3491 3824 3572 fi-

2259 3611 2389 3675 cut
2452 3592 2562 3672 eff
2665 3620 2748 3675 us
2816 3594 3184 3674 univocus
3286 3617 3458 3673 uam
3526 3594 3821 3678 causam

2262 3695 2728 3798 repraesentat
2755 3749 2786 3794 ‚
2835 3710 2920 3776 ut
2969 3695 3065 3777 fic
3115 3711 3457 3795 oporteat
3504 3698 3601 3776 ab
3653 3696 3824 3780 infi-
3881 3740 3888 3747 ·

2260 3800 2420 3878 nita
2473 3799 2804 3880 bonitate
2855 3816 3163 3879 aeternos
3202 3796 3504 3880 effectus
3554 3801 3820 3903 produ-

2260 3902 2377 3993 εἰς
2428 3902 2547 3981 sed
2597 3901 2781 3981 ficut
2831 3902 3184 3981 excedens
3263 3901 3822 4004 repraesentatur

2256 4004 2355 4083 ab
2405 4029 2499 4085 eo
2544 4006 2741 4104 quod
2792 4003 3167 4086 exceditur
3201 4062 3221 4083 .
3278 4006 3621 4085 Excessus
3691 4031 3820 4086 au-

2259 4124 2416 4185 tem
2466 4105 2736 4185 divina
2808 4106 3168 4188 bonitatis
3248 4106 3459 4205 supra
3531 4121 3820 4187 creatu-

2256 4232 2417 4286 ram
2467 4231 2598 4308 per
2613 4208 2756 4287 hoc
2786 4210 3113 4289 maxime
3145 4208 3591 4308 exprimitur
3612 4208 3820 4311 quod

2256 4329 2602 4391 creaturae
2633 4335 2786 4388 non
2809 4311 3103 4412 semper
3156 4309 3491 4391 fuerunt:
3544 4336 3636 4391 ex
3667 4313 3818 4395 hoc

2256 4413 2461 4491 enim
2515 4430 2812 4516 apparet
2883 4415 3208 4515 express'e
3277 4414 3478 4516 quod
3545 4415 3814 4496 omnia

2256 4514 2404 4594 alia
2457 4533 2714 4615 praeter
2766 4516 3002 4617 ipfum
3039 4544 3078 4615 ·,
3127 4543 3302 4598 eum
3371 4515 3649 4600 habent
3701 4516 3816 4598 sui

2254 4620 2396 4697 ess'e
2449 4617 2824 4696 auctorem
2866 4674 2897 4717 .‚
2974 4620 3048 4699 &
3098 4622 3300 4722 quod
3368 4620 3601 4701 virtus
3653 4623 3816 4715 eius

2254 4746 2408 4800 non
2459 4719 2833 4820 obligatur
2884 4724 2976 4802 ad
3045 4722 3820 4821 huiusmodieffechm

2258 4823 3008 4921 producendos‚ficut
3055 4832 3318 4907 natura
3365 4827 3458 4904 ad
3505 4824 3816 4907 effeetus

2255 4924 2622 5019 naturales
2679 4953 2701 5002 ι
2747 4929 2826 5007 8<
2895 4954 3032 5031 per
3098 4931 3552 5029 consequens
3603 4928 3814 5031 quod

2250 5027 2356 5113 est
2409 5028 2790 5116 voluntate
2841 5057 3070 5141 agens
3115 5088 3150 5139 ‚
3196 5033 3275 5115 δε
3322 5032 3802 5140 intelligens:

3648 5162 3812 5248 quo
