4597 5696
1334 409 3389 522 couiriiii‹siiwritiisiiiii.⁸
3787 450 3899 512 ιη

665 597 840 661 tute
891 571 1456 670 consummatus.
2329 578 2691 646 errorem3
2744 562 2821 633 et
2843 545 2949 626 fic
2994 542 3144 621 alia
3169 536 3456 618 ratione
3504 530 3896 628 subjiciun-

770 683 1060 779 Quarto
1089 675 1353 792 ‘homo
1442 670 1571 774 qui
1642 693 1771 772 per
1843 666 2067 747 fidem
2148 664 2229 743 in
2331 678 2451 741 tur
2500 650 2853 761 pradiaae
2873 644 3261 736 doetrinae,
3313 655 3388 716 et
3411 634 3898 736 Philosophiae

668 787 919 865 Deum
946 780 1232 856 ducitur
1250 775 1427 854 sicut
1478 774 1557 851 in
1584 771 1932 852 ultimum
1971 769 2225 860 finem,
2330 766 2664 844 humanae
2705 813 2724 833 .
2794 753 3005 832 Nam
3057 737 3523 843 Philosophia
3575 735 3896 814 humana

664 910 755 949 mr
810 882 947 949 hoc
1000 879 1195 949 onod
1250 876 1540 949 ignorat
1587 891 1879 949 naturas
1928 895 2172 949 rerum
2199 919 2229 961 ,
2329 892 2450 945 eas
2498 858 2899 945 considerat
2966 846 3360 931 seeundum
3409 840 3616 940 quod
3659 834 3898 931 hujus-

2054 971 2220 1051 linis
2325 966 2529 1047 modi
2583 962 2748 1040 sunt
2796 953 3037 1055 (unde
3090 943 3606 1026 et-secundum
3655 937 3894 1016 divet-

2054 1101 2081 1153 s
2150 1073 2220 1153 se
2326 1071 2396 1148 sa
2448 1089 2692 1146 rerum
2768 1077 3037 1158 genera
3087 1047 3384 1129 diversae
3436 1059 3670 1143 partes
3722 1038 3891 1117 Phi-

2054 1175 2222 1253 :rior
2323 1163 2664 1268 losophii‘e
2719 1157 3195 1242 ‘inveniuntur
3233 1177 3258 1242 ς
3328 1148 3358 1246 )
3404 1145 3584 1223 fides
3631 1157 3885 1220 aute-m

2054 1295 2218 1356 rates
2320 1269 2706 1351 christiana
2755 1287 2873 1341 eas
2892 1253 3290 1339 considerat
3309 1302 3336 1343 ‚
3388 1271 3539 1328 non
3577 1243 3888 1343 inquan-

2054 1395 2215 1458 ntra
2317 1390 2481 1451 tum
2550 1359 2966 1462 huiusmodi
3006 1411 3034 1452 ‚
3101 1367 3356 1454 utpote
3408 1349 3662 1449 ignem
3689 1395 3716 1438 ‚
3770 1342 3884 1420 in-

2056 1478 2215 1560 caeli
2318 1488 2679 1574 quantum
2751 1463 2947 1565 ignis
3018 1455 3120 1535 est
3162 1508 3189 1551 ‚
3268 1451 3388 1529 sed
3438 1448 3884 1546 inquantum

2054 1604 2204 1661 ent:
2312 1574 2651 1656 divinam
2701 1562 3168 1646 altitudinem
3234 1549 3691 1653 repraesentat
3719 1598 3750 1640 ,
3798 1559 3878 1623 et

2054 1685 2205 1763 ani·
2309 1677 2392 1760 in
2444 1674 2683 1774 ipsum
2756 1673 3004 1746 Deum
3055 1680 3354 1760 quoquo
3402 1649 3631 1728 modo
3676 1645 3877 1725 ordi·

2054 1785 2205 1862 »mi-
2306 1795 2520 1856 natur
2556 1830 2576 1851 .
2629 1773 2742 1851 Ut
2794 1767 2997 1846 enim
3050 1757 3281 1838 Eccli.
3333 1751 3451 1831 xli
3474 1777 3535 1826 1.
3598 1750 3708 1825 16.
3761 1745 3874 1824 di-

2054 1884 2204 1962 iilia
2303 1879 2536 1972 citur,
2578 1869 2826 1972 gloria
2849 1858 3160 1946 Domini
3179 1856 3487 1959 plenum
3535 1845 3641 1947 est
3689 1866 3868 1947 opus

2308 1977 2500 2082 ejus:
2557 1998 2795 2052 nonne
2832 1962 3194 2047 Dominus
3233 1954 3430 2054 fecit
3465 1973 3868 2029 ennarrm

2054 2111 2205 2165 um·
2262 2075 2608 2157 *Sanaos
2688 2068 2940 2151 omnia
3006 2057 3384 2142 mirabilia
3466 2053 3609 2148 sua
3642 2055 3686 2126 ‚⁹
3757 2052 3867 2129 Et

2054 2185 2212 2264 ihil·
2301 2193 2595 2279 propter
2642 2173 2796 2263 hoe
2836 2170 3063 2248 etiam
3135 2160 3280 2239 alia
3347 2170 3421 2232 et
3470 2151 3615 2230 alia
3663 2148 3866 2226 circa

2054 2356 2058 2365 .
2107 2285 2199 2364 de
2296 2299 2658 2361 creaturas
2723 2290 2798 2350 et
2849 2261 3326 2360 Philosophus
3359 2311 3387 2352 ‚
3455 2273 3532 2332 et
3584 2247 3867 2331 Fidelis

2054 2388 2198 2466 odo
2293 2377 2785 2460 considerant:
2837 2362 3314 2464 Philosophus
3348 2378 3666 2454 namque
3684 2373 3869 2429 eon·

2054 2495 2195 2569 Au·
2297 2481 2553 2559 fiderat
2624 2475 2750 2554 illa
2818 2495 2977 2571 quae
3045 2466 3149 2543 eis
3205 2457 3599 2538 secundum
3649 2467 3858 2531 natu·

2054 2589 2195 2688 {ine
2294 2607 2452 2659 ram
2506 2575 2879 2678 propriam
2928 2562 3424 2650 conveniunt,
3478 2553 3658 2631 sicut
3687 2549 3858 2648 igni

2232 2706 2236 2709 ’
2293 2680 2466 2758 ferri
2520 2677 2837 2761 sursum3
2890 2664 3164 2746 Fidelis
3188 2677 3437 2738 autem
3476 2676 3562 2729 ea
3612 2650 3854 2728 solum

2291 2775 2692 2860 considerat
2740 2771 2935 2851 circa
2952 2779 3307 2845 creaturas
3346 2779 3507 2857 quae
3558 2750 3665 2830 eis
3681 2772 3858 2850 coii-

2054 2904 2191 2969 ites
2290 2877 2602 2977 veni‘mt
2639 2930 2665 2972 ,
2752 2868 3144 2950 secundum
3231 2858 3431 2962 quod
3520 2855 3681 2931 sunt
3757 2850 3856 2932 ad

2054 2990 2190 3069 liri·
2297 2976 2544 3063 Deum
2618 2974 2845 3055 relata
2895 3027 2924 3068 ,
2991 2981 3244 3068 utpote
3331 2957 3529 3060 quod
3595 2955 3759 3032 sunt
3808 2974 3859 3029 a

2054 3093 2191 3170 lam
2295 3088 2465 3164 Deo
2511 3072 2756 3161 creata
2777 3129 2801 3169 ‚
2853 3072 3049 3176 quod
3101 3070 3263 3147 sunt
3292 3066 3459 3142 Deo
3510 3052 3859 3155 subjetia,

2054 3192 2196 3271 illis
2294 3203 2372 3265 et
2424 3177 2870 3278 hujusmodi.

2054 3320 2065 3370 ι
2118 3291 2196 3369 fi·
2402 3283 2623 3363 Unde
2675 3303 2826 3357 non
2877 3274 2976 3353 est
3014 3261 3556 3371 imperfeffioni
3592 3254 3859 3353 ἀοξὶτὶ-

2057 3409 2199 3505 tur,
2297 3410 2410 3463 riae
2464 3380 2635 3484 fidei
2687 3375 3195 3492 imputandum
3230 3424 3256 3464 ‚
3328 3365 3377 3443 fi
3434 3361 3697 3440 multas
3749 3380 3855 3433 re-

2054 3516 2199 3570 mm
2298 3509 2463 3564 rum
2518 3493 2990 3580 proprietates
3015 3482 3561 3573 praetermittat,
3612 3477 3699 3538 ut
3725 3482 3856 3536 cae-

2102 3590 2201 3668 O·
2306 3586 2363 3665 li
2439 3582 2756 3681 figuram
2800 3630 2827 3671 ‚
2896 3594 3140 3654 motus
3201 3566 3685 3669 qualitatem:
3757 3556 3858 3637 sie

2054 3722 2063 3766 .-
2116 3688 2205 3770 it·
2305 3685 2510 3765 enim
2583 3705 2720 3759 nec
2770 3675 3149 3757 Naturalis
3200 3673 3395 3751 circa
3445 3666 3720 3744 lineam
3771 3656 3860 3739 il·

2054 3795 2201 3893 Sap.
2303 3790 2412 3868 las
2461 3781 2813 3887 pastiones
2861 3774 3258 3860 considerat
3307 3794 3485 3873 quas
3536 3768 3859 3845 Geome-

2054 3920 2205 3973 rra-
2304 3908 2418 3970 tra
2445 3941 2470 3981 ‚
2522 3885 2642 3963 sed
2692 3881 2925 3961 solum
2978 3903 3062 3955 ea
3112 3900 3269 3975 quae
3321 3870 3660 3950 accidunt
3696 3862 3862 3960 fibi,

2054 3994 2206 4074 !ica-
2311 3992 2747 4088 inquantum
2815 3979 2914 4057 est
2963 3976 3322 4058 terminus
3373 3968 3696 4070 eorporis
3744 3984 3872 4039 na·

2054 4122 2210 4174 ·um.
2311 4086 2563 4170 ruralis
2603 4142 2622 4162 .
2698 4083 2774 4164 Si
2827 4107 2970 4181 qua
3021 4102 3200 4157 vero
3270 4074 3461 4154 circa
3513 4082 3874 4145 creaturas

2316 4185 2809 4272 communiter
2861 4209 2906 4260 a
2956 4172 3398 4274 Philosopho
3421 4226 3449 4268 .,
3498 4185 3575 4246 et
3626 4161 3871 4245 Fideli

619 4327 843 4380 *ιη’*
863 4327 1049 4415 ῥέξω
1084 4327 1402 4436 σ’ἕὲιῗιῖἕν
1421 4327 1788 4453 «ξᾶτοΐὲϊσ
1828 4288 2219 4373 svmsv't'busf
2321 4288 2913 4409 confiderantur,.
2944 4305 3072 4383 per
3121 4276 3264 4354 alia
3315 4289 3390 4389 et
3440 4270 3582 4349 alia
3610 4264 3878 4368 prinei·

1081 4437 1107 4450 -·
1762 4413 1780 4431 ·
2329 4416 2452 4496 pia
2502 4390 2929 4469 traduntur:
3003 4404 3180 4460 nam
3249 4370 3723 4472 Philosophus
3774 4393 3883 4447 ar-

944 4489 1355 4608 Anisestum
1397 4481 1509 4570 est*
1592 4491 1820 4609 utem·
1846 4518 1935 4574 ex
1984 4492 2233 4595 praedi-
2334 4509 2768 4595 gumentum
2821 4483 3111 4563 assumit
3162 4504 3252 4559 ex
3277 4465 3589 4579 P1'0Pf3is
3642 4491 3887 4550 ‘emm

757 4640 770 4651 ·
991 4593 1127 4690 etis
1177 4596 1374 4694 quod
1405 4620 1546 4673 con
1601 4597 2049 4714 derationern
2100 4595 2235 4709 cir·
2335 4592 2603 4684 caufis3
2655 4586 2930 4669 Fidelis
2956 4603 3200 4663 autern
3255 4583 3344 4659 ex'
3365 4575 3571 4659 causa
3621 4575 3890 4677 prima,

557 4825 562 4832 .
687 4724 777 4815 ca
809 4703 1181 4813 creati-ms
1234 4694 1451 4772 habet
1490 4693 1818 4811 globi-rina
1868 4693 2037 4773 fidei
2053 4696 2236 4774 chri·
2339 4712 2422 4778 ut
2471 4710 2596 4773 uta
2642 4688 2816 4792 quia
2840 4686 2933 4767 sic
2960 4684 3314 4766 divinitus
3364 4679 3463 4758 est
3515 4677 3896 4767 traditum,

692 4797 981 4894 stiam,
1033 4813 1468 4915 inquantum
1498 4822 1579 4874 in
1599 4822 1704 4875 eis
1742 4797 2036 4911 resultat
2059 4821 2243 4897 quae·
2341 4804 2437 4877 've
2541 4793 2716 4896 quia
2790 4788 2936 4872 Dei
3004 4786 3313 4891 potestas
3388 4778 3490 4861 est
3561 4775 3901 4857 infinita:

698 4904 877 4981 dam
929 4904 1076 4981 Dei
1150 4897 1547 4976 lirrulitudo
1594 4952 1625 4994 ,
1683 4914 1764 4979 et
1814 4916 2246 4995 inquantum
2346 4898 2540 4978 unde
2605 4910 2682 4976 et
2749 4893 2900 4997 ipsa
2951 4888 3275 4970 maxima
3354 4878 3704 4982 sapientia
3754 4871 3904 4954 diczi

676 5027 904 5169 ,error
975 5001 1058 5086 in
1126 4998 1293 5106 iPfis
1343 4999 1623 5092 inducit
1696 5000 1783 5088 in
1830 4999 2251 5090 divinorum
2349 5001 2615 5103 debet,
2662 5012 2916 5101 utpote
2964 4994 3244 5097 semper
3278 4981 3696 5069 altissimam
3744 4998 3924 5155 ‘suain
