4597 5696
680 364 765 428 88

677 477 1047 578 sequitur,
1096 466 1420 570 aliquam
1472 464 1964 583 differentiam
2016 462 2238 547 facit.

675 583 778 660 Iri
828 572 1253 675 cognitione
1304 584 1554 661 autem
1621 572 1771 647 Dei
1842 569 2048 671 plura
2099 568 2239 648 hoc

679 680 908 758 modo
959 673 1504 774 cognoscuntur
1552 682 1635 749 ut
1687 695 1961 764 unum,
2011 694 2244 770 quum

681 796 862 861 non,
919 801 1047 879 per
1122 771 1434 855 diversas,
1510 770 1777 873 species
1815 826 1840 866 ‚
1921 771 2039 850 sed
2116 794 2245 871 per

682 905 910 960 unam
965 876 1329 978 speciem,
1383 898 1543 973 quae
1599 870 1699 952 est
1727 872 1869 952 Dei
1922 872 2251 967 essentia,

684 980 1263 1081 cognoscantur:
1316 976 1511 1056 unde
1578 990 1655 1054 et
1719 973 1942 1055 simul
2012 972 2252 1088 multa

686 1082 1233 1180 cognoscuntur
1283 1104 1326 1155 a
1380 1080 1595 1169 Deo,
1667 1093 1742 1157 et
1796 1075 1896 1155 ita
1970 1075 2048 1153 in
2101 1079 2248 1153 Dei

686 1183 1118 1282 cognitione
1170 1177 1450 1259 nullam
1537 1176 2042 1257 differentiam,
2099 1175 2258 1275 plu*

685 1285 936 1365 salitas
1023 1281 1197 1359 facit
1227 1338 1246 1355 .
1321 1281 1526 1376 Ergo
1607 1303 1743 1355 nec
1793 1277 2172 1355 infinitum
2222 1330 2251 1369 ,

687 1387 890 1486 quod
937 1381 1424 1482 quantitatem
1474 1377 1937 1477 consequitur
1955 1435 1973 1453 .
2028 1376 2251 1458 Nihil

688 1510 871 1584 ergo
942 1483 1186 1563 differt
1257 1480 1349 1558 ad
1385 1477 1844 1559 intellectum
1909 1478 2250 1556 divinum

685 1584 1156 1666 infinitorum
1202 1639 1231 1681 ,
1280 1595 1356 1659 et
1408 1577 1788 1660 finitorum
1835 1580 2171 1680 cognitio
2224 1605 2251 1667 ς

688 1685 920 1769 et‘fic
971 1676 1202 1786 quum
1269 1680 1655 1781 cognoscat
1703 1679 1996 1796 finita,
2064 1677 2257 1758 nihil

688 1789 1035 1894 prohibet
1052 1786 1280 1866 etiam
1298 1809 1468 1863 eum
1485 1783 1918 1883 cognoscere
1939 1781 2249 1860 infinita.

703 1950 752 1975 -,
798 1888 1005 1971 Huic
1039 1903 1287 1967 autem
1314 1885 1659 1965 consonat
1728 1887 1875 1964 uod
1895 1883 1972 1963 in
1996 1882 2272 1964 Psalm:

689 1990 939 2071 cxlvi.
1000 2016 1065 2088 ς.
1117 1988 1428 2068 dicitur:
1499 1995 1608 2065 Et
1652 1910 2064 2088 japientiae·
2099 1978 2282 2086 ejus*

694 2118 846 2172 non
895 2074 1000 2190 est
1051 2114 1390 2168 numerus
1410 2142 1429 2162 .
1535 2128 1536 2131 κ
2153 2182 2169 2197 ·

725 2204 731 2211 ’
797 2196 1010 2269 Patet
1060 2187 1288 2265 etiam
1338 2212 1427 2262 ex
1528 2183 1834 2265 raedictis
1874 2204 2122 2281 quaro·
2149 2206 2259 2258 in·

698 2289 1034 2376 tellectus
1080 2286 1322 2366 noster
1374 2285 1401 2363 i
1439 2302 1450 2307 ’
1509 2282 1753 2371 nitum
1803 2309 1955 2362 non
1985 2307 2256 2382 cogno·

700 2376 1110 2489 scih-ficut
1161 2385 1570 2469 intellectus
1618 2382 1950 2467 divinus''.
2205 2402 2212 2409 ·

711 2536 718 2541 .
808 2492 1087 2574 Differt
1135 2506 1406 2568 autem·
1438 2486 1850 2567 intellectus
1896 2484 2135 2565 noster
2162 2486 2259 2563 ab

696 2595 1081 2679 intellectu
1129 2590 1391 2671 divino
1431 2607 1812 2690 quantum,
1831 2588 1924 2667 ad
1951 2601 2262 2690 quatuor

697 2722 860 2803 quae
891 2698 1099 2776 ⁵hanc
1149 2691 1641 2781 differentiam
1691 2688 2004 2769 faciunt.

723 2869 733 2881 .
800 2800 1143 2884 :Primum
1195 2792 1296 2873 est
1346 2796 1544 2896 quod
1594 2792 2003 2878 intellectus
2022 2774 2263 2873 noster
2308 2794 2313 2805 ’

698 2899 1130 3000 fimplicitei·
1179 2895 1429 2975 finitus
1479 2893 1623 2992 est,
1673 2893 1962 2978 divinus
2012 2912 2270 2974 autem

718 3145 756 3170 -·
801 3099 1225 3185 Secundum
1275 3092 1376 3172 est
1407 3057 1648 3198 *quod*
1684 3116 1927 3196 quum
1972 3093 2258 3174 intelle-

700 3193 876 3286 ctu}
916 3199 1153 3280 noster
1203 3196 1483 3278 diversa
1547 3183 1676 3298 pe‘r
1746 3195 2057 3275 diversas
2108 3195 2258 3310 spe-

702 3301 870 3386 cie&
903 3299 1287 3401 cognoscat
1307 3353 1334 3394 ,
1384 3321 1536 3376 non
1587 3295 1839 3412 potest·
1884 3297 1964 3373 in
2017 3294 2258 3375 infini-

665 3422 782 3504 ,ta
831 3404 1221 3502 secundum
1287 3423 1514 3478 unam
1564 3414 2071 3504 cognitionem
2095 3450 2126 3494 ,
2176 3395 2259 3476 si-

705 3524 837 3591 cut
888 3504 1296 3612 intellectus
1325 3499 1638 3604 ¹divinus
1688 3555 1708 3575 .
2181 3579 2182 3588 Ν

723 3671 728 3674 -
811 3608 1161 3687 Tertium
1229 3601 1331 3681 est
1400 3626 1488 3680 ex
1554 3601 1694 3679 hoc
1744 3598 2261 3713 proveniens,

708 3710 909 3810 quod
960 3703 1368 3784 intellectus
1442 3699 1678 3781 noster
1748 3701 1924 3801 quia
1954 3725 2104 3814 ‘per
2152 3699 2260 3776 di-

713 3808 947 3896 versas
1000 3807 1042 3885 s
1080 3804 1268 3884 ecies
1318 3801 1594 3879 diversa
1632 3816 2054 3899 cognoscit,
2103 3822 2268 3912 non·v

709 3905 944 4013 potest
1028 3904 1210 3985 imul
1261 3900 1494 3979 multa
1515 3901 1990 4001 cognoscere,
2039 3915 2117 3978 et
2153 3914 2264 3978 ita.

709 4009 1006 4094 infinita
1053 4001 1484 4106 cognoscere
1511 4027 1664 4080 non
1695 3995 1928 4103 posset
1951 3999 2088 4079 nifi
2110 3998 2260 4077 suc-

708 4113 973 4195 eeffive
1023 4134 1109 4188 ea
1160 4104 1650 4198 numerando:
1707 4105 1905 4219 quod
1953 4127 2107 4181 non
2155 4097 2258 4178 est

624 4285 627 4288 ,
714 4215 797 4294 in
851 4207 1224 4291 intellectu
1273 4207 1535 4310 divino
1556 4255 1576 4293 ‚
1627 4219 1756 4304 qui
1810 4202 2020 4282 simul
2072 4200 2259 4281 mul-

689 4403 692 4406 ,
712 4331 791 4395 ta
827 4313 1148 4391 intuetur
1161 4306 1352 4409 quafi
1374 4330 1502 4408 per
1514 4331 1741 4384 unam
1759 4303 2075 4407 speciem
2090 4302 2263 4383 visa.

735 4459 748 4476 ·
791 4416 1198 4514 ‘Quartum
1268 4409 1367 4487 est
1417 4408 1614 4512 quod
1684 4406 2096 4486 intellectus
2160 4404 2266 4482 di-

711 4518 935 4599 vinus
985 4508 1088 4593 est
1137 4533 1394 4588 eorum
1442 4534 1601 4610 quae
1654 4506 1859 4606 sunt,
1909 4524 2266 4588 eteorum

718 4646 880 4724 quae
935 4642 1090 4695 non
1143 4610 1349 4707 sunt,
1396 4625 1482 4688 ut
1529 4603 1888 4692 ostensum
1920 4607 2058 4686 est.
2219 4706 2235 4723 .

734 4787 738 4792 ff
821 4725 1031 4801 Patet
1080 4713 1308 4795 etiam
1357 4711 1729 4811 quomodo
1759 4711 2069 4790 verbum
2104 4706 2273 4787 Phi-

721 4816 1007 4925 losophi
1057 4818 1086 4917 (
1140 4818 1198 4897 1.
1249 4813 1360 4894 Ph
1442 4868 1462 4887 .
1515 4823 1688 4888 text.
1738 4834 1929 4888 com.
1978 4835 2191 4888 xxxv.
2242 4808 2272 4908 )

720 4952 869 5034 quo
916 4920 1100 5010 dicit
1119 4974 1147 5020 ‚
1194 4941 1249 5021 q
1401 4903 1829 5024 infinitum,
1878 4909 2282 4999 secundum

1251 350 1389 421 DE
1448 346 2037 421 vEniTA‘rE
2092 340 2822 411 cATHochE
2865 336 3193 412 riom
3238 362 3259 379 ,

2341 466 2538 565 quod
2592 465 2971 546 infinitum
3007 522 3036 562 ,
3100 469 3202 549 est
3257 468 3650 573 ignotum,
3710 474 3897 579 'prae‘-

2341 566 2921 648 senti-sententiae
2958 595 3109 650 non
3139 574 3435 653 obviat:
3458 578 3630 677 quia
3662 598 3899 679 quum

2348 666 2630 748 infiniti
2682 667 2873 749 ratio
2920 672 3312 771 quantitati
3343 696 3718 795 competat
3740 735 3769 776 ,
3814 694 3905 761 ut
4048 696 4051 699 ’

2346 768 2496 869 ipse
2565 770 2751 849 dicit
2805 826 2834 866 ,
2904 771 3280 854 infinitum
3371 792 3453 857 ut
3523 779 3903 860 infinitum

2352 871 2950 968 cognosceretur,
3002 873 3056 951 fi
3106 901 3237 976 per
3285 878 3905 961 mensurationem

2354 972 2640 1050 suarum
2715 973 3035 1072 partium
3103 993 3365 1058 notum
3433 982 3663 1059 esset:
3753 985 3908 1063 haec

2351 1073 2556 1151 enim
2607 1071 2704 1150 est
2757 1076 3052 1175 propria
3100 1079 3434 1178 cognitio
3463 1082 3913 1182 quantitatis.

2353 1174 2475 1257 Sic
2516 1184 2771 1254 ‘autem
2826 1179 3030 1254 Deus
3080 1204 3261 1258 non-
3282 1182 3716 1279 cognoscit:
3773 1208 3911 1264 un-

2354 1277 2443 1352 de
2473 1330 2502 1370 ,
2553 1294 2634 1354 ut
2684 1276 2787 1354 ita
2838 1275 3159 1374 dicatur,
3212 1305 3362 1359 non
3389 1284 3765 1383 cognoscit
3798 1286 3915 1364 in-

2356 1375 2652 1455 finitum
2671 1431 2696 1472 ,
2733 1377 3127 1457 secundum
3152 1383 3350 1481 quod
3376 1382 3475 1460 est
3505 1383 3916 1485 infinitum,

2354 1475 2471 1555 sed
2509 1476 2905 1556 secundum
2960 1484 3161 1579 quod
3194 1486 3286 1560 ad
3304 1481 3508 1565 suem
3532 1485 3925 1566 scientiam·

2353 1578 2423 1757 se
2475 1579 2695 1758 habfit
2743 1604 2831 1658 ac
2881 1576 2934 1657 fi
2975 1583 3145 1664 esset
3174 1582 3523 1687 finitum,
3574 1602 3657 1667 ut
3678 1587 3911 1668 osten-

2384 1704 2515 1761 um
2568 1704 2607 1756 e
2686 1738 2706 1757 .

2460 1780 2861 1863 Sciendum
2906 1780 3011 1862 'est
3075 1790 3390 1884 tamen,
3439 1791 3638 1893 quod
3709 1794 3915 1873 Deus

2359 1881 2654 1962 infinita
2703 1909 2856 1964 non
2908 1890 3284 1986 cognoscit
3347 1889 3649 1972 scientia
3697 1892 3918 1974 visio·

2362 1984 2527 2078 niS,
2578 2000 2663 2063 ut
2711 1986 2958 2065 verbis
3006 1989 3323 2069 aliorum
3359 2007 3686 2073 utamur:
3742 1995 3920 2095 quia

2362 2083 2655 2160 infinita
2707 2111 2859 2163 non
2909 2087 3075 2165 sunt
3123 2106 3331 2184 actu,
3386 2117 3529 2171 nec
3575 2092 3918 2192 fuerunt,

2360 2206 2499 2260 nec
2551 2202 2799 2272 erunt:
2853 2210 3086 2285 quum
3150 2192 3532 2286 generatio
3599 2218 3692 2273 ex
3740 2218 3916 2274 neu·

2355 2292 2472 2361 tra
2521 2298 2726 2383 parte
2776 2286 2865 2363 fit
2915 2284 3210 2365 infinita
3258 2288 3651 2370 secundum
3686 2290 3919 2372 fidem

2360 2382 2838 2463 catholicam:
2893 2383 3026 2466 scit
3075 2403 3323 2467 tamen
3376 2390 3668 2471 infinita
3693 2393 3918 2473 scien-

2361 2486 2467 2563 tia
2518 2481 2867 2586 simplicis
2918 2486 3468 2588 intelligentia,
3519 2509 3736 2594 prout
3782 2496 3920 2575 scit

2360 2585 2588 2664 etiam
2641 2612 3005 2688 quai-non
3058 2587 3267 2669 sunt:
3321 2592 3454 2672 scit
3481 2595 3690 2673 enim
3709 2601 3917 2676 Deus

2361 2686 2656 2767 infinita
2724 2710 2886 2789 quae
2940 2714 3077 2770 nec
3128 2689 3295 2772 sunt
3341 2748 3370 2790 .,
3435 2720 3573 2776 nec
3623 2712 3845 2777 erunt-
3884 2750 3915 2794 ,

2360 2814 2499 2868 nec
2547 2787 2881 2886 fuerunt,
2931 2816 3096 2893 quat<
3141 2808 3392 2874 tamen
3441 2797 3606 2878 sunt
3657 2797 3736 2877 in
3788 2823 3918 2899 po-

2364 2890 2597 2969 tentia
2644 2906 3025 2971 creaturae:
3054 2899 3156 2971 'et
3188 2895 3354 2996 scit·
3378 2898 3613 2976 etiam
3667 2898 3919 2978 infinis

2361 3007 2440 3069 ta
2487 3015 2646 3092 quae
2673 2992 2837 3071 sunt
2888 2993 2967 3070 in
2997 2996 3327 3094 potentia
3379 2997 3544 3095 sua,
3595 3024 3754 3101 quae
3776 3017 3918 3082 nec:

2358 3091 2582 3189 sunt,
2632 3116 2766 3172 nec
2818 3111 3076 3191 erunt,
3128 3106 3265 3175 nec
3313 3095 3654 3179 suerunt.
3704 3161 3709 3166 .
3908 3114 3920 3128 ’

2460 3194 2683 3273 Unde
2733 3211 3091 3293 quantum
3142 3200 3233 3276 ad
3283 3199 3752 3299 quaestionem
3822 3200 3920 3283 de
3956 3233 3957 3238 ¹

2357 3293 2787 3394 cognitione
2836 3294 2939 3373 fin
3072 3297 3312 3378 arium
3360 3303 3677 3401 pertinet
3712 3355 3740 3398 ,
3807 3327 3918 3382 re-

2355 3393 2692 3496 sponderi
2760 3412 2930 3496 pote
3062 3423 3194 3498 per
3262 3401 3918 3501 interemptionem

2359 3493 2708 3595 majoris:
2787 3523 2942 3577 non
3020 3500 3225 3577 enim
3299 3499 3687 3600 singularia
3740 3500 3923 3579 sunt·

2359 3596 2691 3691 infinita3
2745 3593 2796 3674 fi
2831 3615 3079 3677 tamen
3108 3599 3373 3694 effent,
3422 3597 3912 3681 nihilominus

2360 3695 2563 3778 Deus
2613 3721 2698 3774 ea
2747 3697 3215 3796 cognosceret
3234 3752 3253 3773 .

2626 3820 3260 3888 CAPUT
3426 3822 3732 3886 Lxxw·

2462 3977 2463 3980 Ἴ
2679 3900 2853 3984 Quod
2892 3903 3052 3963 Deus
3090 3899 3357 3980 cognofiit
3402 3903 3585 3965 vilia.

2524 3982 2576 4043 1.
2620 3982 2781 4042 Part.
2824 3977 3009 4063 quaess.
3049 3999 3238 4045 xxii.
3281 4000 3394 4047 are.
3433 3999 3497 4061 3.
3553 3981 3634 4044 ad
3673 3999 3737 4063 3.
3916 4053 3925 4063 ι

2574 4102 2691 4182 Oc
2741 4119 2990 4182 autem
3021 4101 3322 4199 habito,
3372 4099 3929 4183 ostendendum

2621 4202 2719 4280 est
2769 4204 2965 4304 quod
3018 4208 3220 4282 Deus
3267 4204 3644 4304 cognoscit
3681 4202 3861 4282 vilia
3882 4255 3923 4300 ,a

2365 4323 2442 4382 et
2489 4305 2687 4406 quod
2740 4304 2880 4384 hoc
2933 4303 3302 4384 nobilitati
3373 4304 3687 4386 scientiae
3757 4303 3913 4404 eius

2366 4430 2519 4482 non
2568 4419 2966 4505 repugnat,
3015 4403 3134 4483 sed
3181 4402 3586 4487 attestatur.

2478 4532 2538 4584 1.
2592 4507 2898 4605 Quanto
2948 4505 3154 4583 enim
3203 4505 3446 4608 aliqua
3473 4509 3709 4588 virtus
3734 4501 3914 4586 affl·

2363 4632 2461 4686 va
2527 4605 2628 4685 est
2676 4604 2961 4685 *fortior
2994 4660 3021 4703 ,
3102 4620 3312 4687 tanto
3383 4608 3464 4687 in
3517 4609 3935 4688 remotiora*

2372 4708 2573 4786 suam
2626 4705 2996 4787 astionem
3021 4709 3393 4807 extendit,
3443 4726 3528 4790 ut
3559 4711 3787 4789 etiam
3830 4709 3913 4786 in
3970 4771 3977 4778 .

2374 4806 2817 4886 sensibilium
2887 4807 3299 4888 actionibus
3365 4825 3661 4912 apparet
3698 4868 3721 4889 .
3775 4808 3931 4887 Vis·

2367 4923 2617 4992 autem
2690 4909 2934 4993 divini
3013 4907 3426 5001 inteliee‘cus
3493 4912 3577 4992 in
3641 4938 3732 4993 co
3784 4933 3937 5000 no«,

3751 5028 3920 5090 cen-
