4597 5696
674 442 685 453 ’
801 467 927 527 142

778 570 1195 656 -eonvenire
1250 570 1529 672 potest,
1581 599 1754 652 cum
1811 576 2000 654 nihil
2052 577 2253 656 aliud
2277 577 2368 659 fit

787 673 1225 755 universalis
1277 673 1485 752 causa
1538 676 1807 755 essendi
1882 677 2013 757 nisi
2091 683 2291 759 Deus
2344 741 2362 757 .

786 777 951 859 Soli
1007 802 1204 893 ergo·
1243 780 1408 856 Deo
1459 779 1819 893 competit
1870 782 2147 860 creatio
2189 782 2371 862 ficut

787 904 1089 982 propria
1144 905 1295 974 ejus
1349 895 1547 958 actio
1599 939 1616 957 .

914 1012 979 1085 3.
1036 982 1302 1062 Adhuc
1358 980 1689 1062 Effectus
1745 984 1887 1065 suis
1941 985 2162 1066 caufis
2216 1013 2373 1088 pro-

788 1085 1314 1187 portionaliter
1383 1085 1821 1185 respondent
1853 1144 1878 1184 ‚
1949 1110 2032 1168 ut
2102 1089 2379 1169 scilicet

791 1186 1119 1296 effectus·
1157 1188 1235 1266 in
1287 1207 1498 1281 actu,
1550 1191 1773 1267 causis
1825 1192 2231 1270 actualibus
2273 1209 2374 1271 at·

788 1290 1206 1370 tribuamus
1246 1345 1272 1384 ‚
1344 1308 1419 1368 et
1472 1289 1772 1370 effectus
1825 1294 1901 1370 in
1964 1295 2295 1395 potentia
2348 1349 2376 1388 ,

794 1392 1024 1471 causis
1074 1418 1233 1490 quae
1288 1391 1453 1469 sunt
1503 1391 1584 1469 in
1639 1396 2015 1493 potentia,
2070 1417 2145 1475 et
2170 1397 2375 1476 simi-

793 1493 976 1571 liter
1027 1493 1328 1573 effectus
1381 1494 1848 1594 particulares
1899 1499 2135 1577 causis
2221 1524 2377 1600 par-

788 1593 1284 1691 ticularibus,
1337 1597 1869 1676 universalibus
1928 1626 2106 1679 vero
2147 1601 2375 1681 causis

797 1697 1249 1777 universales
1305 1697 1648 1794 effe&u8‚
1702 1717 1786 1779 ut
1837 1704 2051 1782 docet
2131 1702 2373 1784 Philo-

797 1797 1069 1897 sophus
1120 1799 1200 1878 in
1260 1804 1354 1879 II.
1396 1801 1929 1904 -Phyfic.(text.
1970 1823 2372 1884 comment.

794 1926 1172 1982 xxxvnr.
1227 1904 1257 2003 )
1316 1906 1479 1982 Esse
1532 1925 1785 1984 autem
1841 1906 1939 1986 est
1993 1907 2374 1987 causatum

790 2003 1128 2104 primum
1161 2061 1186 2100 ‚
1238 2008 1439 2106 quod
1493 2033 1582 2085 ex
1635 2009 1923 2087 ratione
1980 2010 2116 2089 suae
2169 2037 2375 2089 com-

796 2107 1189 2185 munitatis
1242 2127 1583 2207 apparet.
1642 2112 1873 2188 Causa
1932 2110 2157 2208 igitur
2260 2139 2374 2191 ro-

797 2207 962 2303 pria
1015 2209 1284 2285 essendi
1339 2209 1579 2307 prima
1634 2208 2105 2308 simpliciter,
2159 2239 2199 2289 e
2296 2240 2368 2289 a·

796 2329 983 2402 gens
1035 2307 1362 2406 primum
1405 2364 1431 2403 ‚
1500 2311 1577 2410 8(
1628 2309 2033 2387 universale
2069 2367 2095 2405 ‚
2169 2316 2369 2410 quod

801 2410 1009 2486 Deus
1063 2407 1211 2498 est3
1264 2411 1409 2487 alia
1464 2435 1644 2488 vero
1695 2412 1990 2510 agentia
2029 2438 2179 2491 non
2208 2415 2371 2492 sunt

797 2510 1011 2587 causa
1090 2513 1355 2590 essendi
1427 2512 1853 2612 simpliciter
1883 2568 1906 2608 ‚
1987 2513 2106 2591 sed
2158 2516 2370 2594 causa

797 2613 1075 2690 essendi
1132 2612 1335 2708 hoc,
1409 2634 1497 2693 ut
1548 2616 1932 2692 hominem
1975 2670 2002 2712 ‚
2078 2619 2200 2695 vel
2270 2619 2370 2695 al-

798 2715 1025 2792 bum:
1084 2718 1224 2793 esse
1275 2735 1525 2796 autem
1579 2717 2007 2816 {impliciter
2031 2744 2371 2818 percrea-

800 2817 1090 2897 tionem
1142 2819 1473 2898 causatur
1507 2875 1533 2917 ‚
1603 2845 1767 2920 quae
1823 2819 2011 2899 nihil
2066 2822 2371 2923 praesup·

796 2922 1015 3017 ponit
1050 2977 1073 3012 ‚
1126 2921 1301 3021 quia
1356 2949 1507 3000 non
1559 2923 1790 3021 potest
1841 2923 2125 3023 aliquid
2199 2951 2370 3025 prae-

801 3019 1105 3097 existere
1168 3025 1379 3120 ⁴quod
1433 3023 1516 3101 sit
1567 3044 1769 3101 extra
1824 3049 1951 3102 ens
2030 3025 2369 3124 fimplici·

799 3138 954 3213 ter3
1004 3126 1137 3222 'per
1188 3122 1367 3201 alias
1418 3141 1669 3202 autem
1724 3123 2078 3204 factiones
2121 3127 2204 3204 fit
2231 3129 2369 3205 hoc

798 3248 929 3300 ens
957 3286 983 3322 ,
1036 3225 1155 3301 vel
1211 3226 1355 3303 tale
1392 3253 1422 3303 .·
1476 3251 1653 3304 nam
1705 3251 1796 3306 ex
1849 3245 2018 3305 ente
2070 3229 2361 3329 praeexi-

798 3324 1030 3404 flente
1082 3325 1170 3404 fit
1224 3326 1363 3405 hoc
1417 3352 1544 3405 ens
1577 3382 1603 3424 ‚
1687 3328 1809 3407 vel
1883 3328 2029 3407 tale
2065 3386 2086 3406 .
2162 3333 2368 3430 Ergo

796 3429 1073 3508 creatio
1125 3427 1226 3505 est
1280 3430 1574 3528 propria
1630 3430 1776 3508 Dei
1831 3430 2028 3509 aelio
2066 3489 2085 3509 .

768 3565 827 3623 Α
904 3558 974 3629 4.
1035 3531 1430 3632 Amplius.
1504 3532 1884 3633 Quicquid
1954 3532 2055 3610 est
2126 3533 2366 3614 causa-

801 3649 966 3710 tum
1025 3634 1414 3711 secundum
1450 3633 1775 3733 aliquam
1809 3653 2363 3731 naturam‚non

799 3734 1033 3831 potest
1088 3737 1229 3810 efl’e
1282 3735 1520 3835 prima
1570 3735 1779 3816 causa
1833 3736 2033 3815 illius
2063 3756 2363 3832 naturae,

800 3832 920 3910 sed
976 3836 1281 3913 secunda
1333 3835 1401 3912 8(
1457 3834 2067 3917 instrumentalis.
2123 3843 2365 3918 Sortes

795 3936 1002 4013 enim
1045 3993 1070 4030 ‚
1141 3937 1315 4038 quia
1385 3936 1607 4017 habet
1676 3939 1812 4019 sua:
1883 3940 2365 4019 humanitatis

794 4038 1091 4116 eausam
1133 4093 1159 4132 ‚
1235 4065 1385 4116 non
1441 4038 1670 4138 potest
1750 4044 1890 4119 esse
1943 4043 2181 4144 prima
2235 4042 2364 4121 hu·

794 4141 1176 4240 manicatis
1232 4141 1480 4221 causa:
1537 4142 1715 4243 quia
1770 4145 2186 4224 humanitas
2243 4145 2364 4224 sua

796 4240 848 4318 si
908 4242 990 4321 fit
1043 4246 1137 4322 ab
1188 4244 1446 4343 aliquo
1523 4246 1814 4342 causata
1861 4303 1886 4341 ‚
1960 4247 2375 4347 sequeretur

796 4347 995 4440 quod
1053 4349 1227 4425 esset
1280 4348 1386 4425 sui
1442 4346 1658 4447 ipsius
1710 4350 1920 4427 causa
1959 4404 1982 4444 ‚
2036 4375 2211 4427 cum
2289 4349 2376 4427 sit

791 4444 874 4523 id
926 4449 1123 4546 quod
1174 4447 1273 4528 est
1327 4475 1457 4551 per
1508 4449 2087 4529 humanitatem:
2166 4450 2238 4526 8(
2304 4446 2365 4528 i·

800 4547 940 4625 deo
992 4570 1282 4651 oportet
1322 4555 1519 4652 quod
1544 4578 1901 4651 generans
1937 4552 2368 4646 univocum,

799 4647 887 4729 fit
940 4652 1134 4751 quasl
1190 4678 1411 4751 agens
1465 4654 2013 4735 instrumentale
2039 4653 2366 4754 respectu

795 4748 948 4845 ejus
1005 4754 1201 4848 quod
1254 4751 1353 4829 est
1419 4757 1627 4833 causa
1702 4758 2050 4857 primaria
2139 4757 2365 4835 totius

797 4851 1108 4952 speciei:
1164 4855 1237 4932 8(
1293 4854 1460 4932 inde
1515 4855 1628 4933 est
1668 4863 1863 4958 quod
1901 4878 2187 4959 oportet
2208 4885 2364 4937 om-

798 4979 925 5036 nes
982 4956 1225 5036 causas
1276 4956 1658 5037 inferiores
1747 4978 2044 5058 agentes
2117 4960 2365 5037 reduci

802 5057 883 5138 in
934 5059 1178 5141 causas
1234 5060 1675 5162 superioreS,
1734 5059 1913 5141 ficut
1941 5060 2369 5139 instrumen-

1456 450 1597 514 DE
1654 450 2234 516 VERITATE
2289 450 3018 518 CATHOLICAE
3080 452 3400 518 FIDEr

2445 581 2657 658 ·tales
2711 576 2791 655 in
2844 574 3228 676 primarias
3249 575 3590 653 {Omnis
3620 589 3870 655 autem
3894 579 4043 658 alia

2476 679 2870 759 substantia
2944 695 3200 777 praeter
3273 681 3518 755 Deum
3614 676 3832 757 habet
3904 685 4044 760 effe

2474 784 2846 862 causatum
2901 782 2995 858 ab
3050 780 3245 873 alio,
3300 799 3381 856 ut
3435 780 4045 881 supra(cap.xv.)

2473 888 2868 986 probatum
2925 881 3068 960 est.
3149 879 3598 981 Impossibile
3669 881 3764 958 est
3822 884 4047 983 igitur

2481 989 2680 1085 quod
2735 985 2819 1063 fit
2869 986 3082 1063 causa
3135 985 3448 1078 essendi,
3506 981 3634 1060 nisi
3694 981 3870 1062 ficut
3940 988 4054 1090 in·⁴

2481 1087 3017 1182 strumentalis‚
3086 1087 3155 1164 8(
3213 1109 3434 1183 agens
3489 1085 3568 1162 in
3623 1085 3895 1164 virtute
3947 1090 4046 1165 al-

2479 1192 2750 1269 terius.
2844 1188 3417 1269 Instrumentum
3509 1205 3757 1264 autem
3839 1215 4047 1268 num-

2476 1317 2706 1395 quam
2756 1291 3144 1371 adhibetur
3170 1293 3261 1367 ad
3294 1289 3732 1366 causandum
3765 1290 4048 1391 aliquid

2477 1395 2611 1474 nis1
2667 1419 2797 1496 per
2851 1394 3055 1472 viam
3110 1411 3398 1470 motus:
3456 1391 3554 1468 est
3609 1393 3814 1472 enim
3858 1396 4049 1474 ratio

2480 1495 2943 1576 instrumenti
2999 1497 3199 1597 quod
3251 1493 3336 1571 sit
3392 1519 3701 1571 movens
3732 1513 4049 1593 motum-5

2474 1599 2755 1679 creatio
2804 1614 3055 1676 autem
3110 1622 3262 1675 non
3317 1592 3415 1674 est
3471 1614 3764 1691 motus,
3838 1616 3919 1675 ut
3971 1626 4047 1676 o-

2475 1701 2793 1780 stensum
2846 1700 2952 1779 est
3006 1700 3034 1798 (
3086 1725 3243 1799 cap.
3295 1723 3439 1775 xvi
3465 1726 3520 1774 1.
3567 1698 3594 1795 )
3653 1698 3889 1777 Nulla
3913 1700 4048 1798 igi-

2477 1823 2596 1884 tur
2670 1801 3063 1881 substantia
3168 1816 3425 1902 praeter
3501 1803 3748 1879 Deum
3815 1799 4047 1901 potest

2469 1907 2760 2008 -aliquid
2809 1929 3095 1984 creare.

2469 2025 2485 2068 -·
2589 2035 2652 2107 5.
2714 2012 2942 2087 Item.
3008 2004 3580 2086 Instrumentum
3662 2007 4047 2087 adhibetur

2475 2125 2776 2212 ‘propter
2827 2109 3435 2187 convenientiam
3490 2109 3642 2202 ejus
3677 2135 3850 2187 cum
3887 2136 4049 2189 cau·

2472 2212 2682 2305 sam,
2736 2228 2819 2288 ut
2871 2208 2955 2287 fit
3009 2211 3341 2286 medium
3371 2207 3560 2285 inter
3586 2212 3876 2287 causam
3903 2212 4047 2308 pri-

2472 2336 2676 2389 mam
2727 2312 2803 2387 &
2856 2312 3273 2403 causatum,
3320 2308 3391 2384 8(
3423 2309 3740 2407 attingat
3769 2331 4050 2388 utrum·

2470 2438 2675 2513 que,
2752 2411 2826 2489 8(
2880 2409 2976 2488 fic
3048 2411 3432 2488 influentia
3523 2411 3747 2508 primi
3801 2438 4050 2512 perve-

2473 2514 2631 2592 niat
2681 2515 2772 2591 ad
2824 2512 3197 2591 causatum
3252 2534 3380 2610 per
3433 2510 4045 2611 instrumentum:

2474 2619 2667 2694 unde
2721 2633 3014 2714 oportet
3036 2614 3234 2713 quod
3271 2611 3354 2690 fit
3385 2613 3662 2713 aliquid
3691 2616 4046 2712 recipiens

2471 2719 2698 2819 primi
2756 2716 3223 2797 influentiam
3262 2770 3287 2810 ,
3363 2716 3442 2793 in
3521 2740 3612 2793 eo
3663 2718 3863 2815 quod
3917 2741 4045 2815 per

2477 2819 3043 2900 instrumentum
3096 2817 3469 2910 causatum
3502 2819 3700 2917 quod
3737 2815 3835 2896 est
3871 2837 4044 2896 con-

2478 2940 2587 3001 tra
2640 2922 3007 2999 rationem
3080 2920 3472 2998 creationis
3514 2974 3539 3014 ‚
3619 2945 3793 2996 nam
3848 2919 4040 2997 nihil

2476 3024 3002 3125 praesupponit.
3059 3021 3539 3119 Relinquitur
3594 3022 3820 3120 igitur
3847 3023 4045 3121 quod

2472 3126 2664 3204 nihil
2719 3124 2920 3202 aliud
2972 3142 3228 3225 praeter
3285 3127 3531 3200 Deum
3587 3123 3812 3223 potest
3850 3148 4046 3202 crea·

2463 3251 2546 3304 re
2591 3280 2618 3322 ‚
2686 3246 2924 3326 neque
2993 3224 3174 3302 ficut
3253 3224 3653 3324 principale
3738 3250 3959 3325 agens
4010 3277 4039 3321 ‚

2463 3354 2706 3428 neque
2760 3328 2939 3405 ficut
2993 3324 3594 3405 instrumentum.

2573 3436 2643 3508 6.
2698 3434 3086 3509 Praeterea.
3173 3431 3426 3507 Omne
3478 3454 3701 3527 agens
3779 3429 4034 3507 instru-

2465 3534 2791 3611 mentale
2846 3531 3230 3631 exequitur
3281 3530 3649 3608 afflonem
3678 3531 4042 3627 principa-

2467 3634 2559 3714 lis
2612 3634 2895 3735 agentis
2949 3656 3077 3731 per
3116 3632 3439 3728 aliquam
3468 3630 3843 3708 afflonem
3921 3655 4037 3707 ro-

2465 3736 2755 3836 priam‚
2840 3737 2912 3811 8(
2965 3730 3518 3809 connaturalem
3591 3728 3780 3823 fibi3
3883 3748 4037 3810 icut

2465 3838 2668 3916 calor
2733 3831 3080 3912 naturalis
3150 3847 3451 3927 generat
3528 3855 3828 3908 carnem
3902 3832 4055 3909 dis-

2466 3932 2860 4029 solvendo,
2910 3931 2982 4010 8(
3037 3931 3478 4028 digerendo,
3531 3932 3600 4009 8(
3639 3932 3825 4011 serra
3863 3959 4036 4033 ope-

2451 4060 2666 4116 ratur
2716 4037 2808 4115 ad
2860 4024 3386 4134 perfefflonem
3442 4032 3716 4113 scamni
3796 4036 4042 4113 secan.

2467 4143 2601 4220 do.
2659 4139 2734 4218 Si
2790 4139 3018 4238 igitur
3068 4136 3314 4235 aliqua
3367 4157 3692 4214 creatura
3749 4137 3832 4215 fit
3876 4162 4039 4235 quae

2476 4260 2818 4342 operatur
2868 4241 2959 4316 ad
3011 4239 3464 4316 creationem
3537 4238 3715 4317 sicut
3787 4237 4038 4317 instru-

2476 4362 2814 4422 mentum
2871 4341 3093 4440 primi
3148 4340 3505 4433 creantiS‚
3531 4358 3819 4439 oportet
3837 4339 4037 4441 quod

2474 4445 2612 4523 hoc
2666 4462 3004 4546 operetur
3057 4466 3184 4544 per
3238 4441 3586 4541 ‘aliquam
3663 4441 4036 4522 ac'lionem

2472 4547 2850 4643 debitam,
2931 4546 3005 4623 8(
3077 4544 3448 4645 propriam
3502 4546 3639 4624 suae
3692 4562 3963 4623 naturae
4017 4599 4036 4617 .

2475 4648 2804 4729 EffeE‘tus
2883 4666 3131 4726 autem
3210 4645 3649 4746 respondens
3758 4644 4038 4725 afflioni

2471 4752 2775 4853 propriae
2833 4750 3291 4830 instrumenti
3329 4803 3354 4841 ‚
3406 4749 3502 4824 est
3558 4749 3758 4847 prior
3812 4748 3891 4825 in
3913 4747 4037 4824 via

2469 4853 2969 4954 generationis
3004 4878 3228 4953 qua-m
3265 4849 3562 4929 effecius
3601 4851 4035 4960 respondens

2470 4956 2856 5058 principali
2931 4956 3228 5055 agenti3
3301 4977 3390 5029 ex
3460 4978 3610 5052 quo
3693 4963 4034 5050 provenlt

2467 5062 2670 5162 quod
2721 5060 2968 5160 primo
3017 5055 3266 5156 agenti
3321 5053 3490 5135 finis
3541 5054 3854 5227 ultimuf
3930 5072 4037 5124 re-

3846 5174 4023 5250 pon·
