4597 5696
1317 327 3301 414 CONTRAGENT1LE'8213.11.
3799 367 3916 440 ην

659 482 736 548 ta
786 465 978 547 ratio
1028 459 1542 546 concludebat.
1621 459 1980 541 Accidens
2030 458 2234 546 enim
2338 477 2672 542 mentum
2742 461 3114 561 quoddam
3187 459 3400 561 ipsius
3456 516 3481 557 ‚
3553 465 3628 544 8(
3680 465 3910 564 Gabie-

663 569 1101 649 describitu‘r
1172 564 1371 664 quod
1452 563 1678 662 potest
1753 563 2083 676 adeste„
2113 560 2235 638 vel
2338 559 2543 648 &um
2613 562 2851 670 ipsum
2932 562 3292 664 recipiens
3373 562 3473 643 est
3550 587 3829 667 *corpus
3884 597 3905 646 :

634 671 892 751 .abefle
964 685 1224 767 praeter
1303 668 1851 767 corruptionem
1934 660 2234 760 subjeffi
2342 668 2534 750 unde
2585 667 2660 745 8(
2707 665 3239 767 consequenter
3259 666 3591 766 operatio
3617 669 3910 770 propria

662 773 1047 874 compositi
1134 795 1223 847 ex
1294 771 1604 848 materia
1667 768 1743 847 8(
1822 764 2106 848 forma.
2157 765 2235 844 Si
2345 767 2555 864 eius,
2622 793 2780 868 quae
2853 768 2951 846 est
3021 768 3434 868 intelligere
3474 825 3502 866 ‚
3569 768 3695 849 etsi
3766 797 3918 860 non

663 891 912 953 autem
968 871 1316 953 referatur
1368 875 1459 950 ad
1536 869 1894 973 principia
1947 892 2240 968 compo·
2346 872 2748 971 dependeat
2800 897 2844 949 a
2894 895 3205 972 corpore
3252 871 3457 973 quast
3522 897 3650 972 per
3701 897 3909 972 orga⁴

663 976 780 1055 siti
836 975 1133 1072 subieffi
1165 1025 1189 1069 ‚
1267 995 1532 1052 verum
1583 992 1741 1052 non
1797 970 2170 1048 invenitur
2208 1024 2237 1065 ,
2344 998 2523 1052 num
2563 972 2938 1072 corporale
2972 975 3343 1068 exercita,
3390 974 3615 1055 habet
3669 993 3922 1056 tamen

662 1079 941 1158 constat
1011 1078 1217 1156 enim
1290 1077 1679 1155 materiam
1757 1073 2076 1173 primam
2133 1073 2234 1149 in·
2340 1073 2710 1169 objefflum
2782 1074 2862 1151 in
2929 1099 3282 1175 corpore,
3355 1076 3630 1157 scilicet
3686 1077 3915 1176 phan-

660 1180 990 1281 genitam
1030 1236 1054 1277 ‚
1106 1181 1179 1259 8(
1234 1174 1864 1279 incorruptibilem
1919 1176 2102 1269 esse,
2153 1189 2239 1254 ut
2339 1177 2568 1256 tasma
2611 1177 2896 1255 :unde
2970 1178 3323 1277 quamdiu
3375 1178 3474 1257 est
3528 1179 3777 1258 anima
3830 1181 3913 1261 in

659 1284 920 1382 probat
976 1282 1402 1362 Aristoteles
1432 1281 1507 1357 in
1546 1283 1602 1359 1.
1659 1275 2233 1381 Phyficor.(tex.
2336 1302 2642 1379 corpore
2674 1332 2700 1373 ,
2770 1304 2924 1358 non
2994 1279 3222 1378 potest
3293 1280 3707 1380 intelligere
3760 1279 3909 1362 fine

657 1403 935 1468 comm.
990 1385 1204 1463 lxxxi
1227 1411 1287 1461 1.
1341 1383 1368 1481 )
1421 1381 1642 1461 Unde
1679 1373 2235 1458 recedentefon
2333 1379 2842 1483 phantasmate
2896 1406 2921 1471 ς
2998 1406 3133 1460 nec
3215 1383 3444 1461 etiam
3533 1383 3909 1468 reminisci

658 1510 827 1581 ma,
880 1505 1130 1564 manet
1183 1485 1263 1563 in
1315 1484 1436 1563 sua
1503 1483 1800 1560 estentia
1834 1508 1886 1579 ;-
1923 1505 2075 1560 non
2126 1497 2226 1558 ta-
2329 1482 2463 1562 nifi
2554 1501 2697 1583 per‘
2767 1482 3119 1562 virtutem
3199 1484 3691 1584 cogitativam
3724 1541 3752 1582 ‚
3821 1485 3905 1574 8(

658 1612 836 1664 men
888 1587 1123 1665 forma
1192 1585 1738 1666 accidentaliter
1805 1583 1878 1660 ei
1929 1581 2226 1661 unieba-
2330 1584 2955 1677 memorativam3
3006 1610 3138 1686 per
3170 1610 3393 1686 quam
3449 1587 3905 1686 phantasma·

657 1706 778 1769 tur
812 1743 839 1784 ,
890 1688 1006 1769 sed
1057 1685 1969 1768 essentialiterzuniebatur
2018 1682 2220 1761 enim
2328 1706 2403 1767 ta
2467 1703 2956 1788 praeparantur
2994 1741 3021 1782 ‚
3101 1705 3186 1765 ut
3250 1712 3341 1767 ex
3392 1688 3607 1767 distis
3657 1688 3687 1785 Ε
3737 1713 3900 1788 cap.

658 1792 727 1868 ei
803 1790 1200 1876 secundum
1265 1793 1406 1869 effe
1475 1814 1709 1868 unum
1749 1844 1768 1862 .
1863 1785 2226 1867 Similiter
2326 1790 2628 1867 lxxxxi.
2680 1789 3022 1889 )-patet;
3094 1791 3167 1867 8(
3224 1809 3520 1889 propter
3584 1791 3733 1868 hoc
3787 1789 3899 1868 in-

657 1911 907 1971 autem
979 1895 1231 1973 anima
1301 1893 1553 1971 unitur
1619 1887 1910 1989 corpori
1982 1887 2220 1967 secun·
2325 1890 2703 1990 telligere‚
2754 1908 3115 1994 quantum
3165 1892 3257 1970 ad
3310 1891 3507 1969 hunc
3556 1892 3898 1987 modum,

655 1993 833 2072 dum
863 1995 997 2074 esse
1020 2020 1300 2089 unum,
1349 2011 1433 2073 ut
1457 1987 2221 2092 supra(cap.lxvnr.
2323 1993 2401 2071 8(
2449 1990 2785 2070 similiter
2856 1986 3229 2071 reminisci
3304 1990 3689 2071 destruitur
3734 2015 3901 2077 (οὓς

654 2095 1016 2175 ostensum
1069 2096 1206 2176 est.
1259 2096 1483 2178 Unde
1511 2096 1687 2174 licet
1717 2063 2226 2204 maneat-*poffl
2320 2118 2497 2195 pore
2547 2091 2940 2173 destrucio.
2998 2095 3163 2172 Effe
3240 2120 3431 2174 vero
3474 2095 3738 2174 animae
3795 2094 3898 2173 se-

658 2220 973 2298 corpns,
1024 2198 1584 2278 substantialiter
1633 2213 1883 2276 tamen
1934 2195 2001 2271 ei
2059 2191 2215 2271 uni·
2255 2195 2266 2212 ”’
2319 2212 2581 2297 paratae
2655 2195 2754 2272 est
2808 2194 2939 2295 ipsi
3009 2194 3142 2275 soli
3194 2196 3473 2298 absque
3524 2218 3829 2296 corpore
3861 2222 3895 2269 :-

655 2313 778 2377 tur
807 2353 835 2395 ‚
887 2325 1037 2378 non
1124 2298 1671 2379 accidentaliter
1707 2355 1728 2374 .
1800 2296 2027 2396 Quod
2094 2319 2215 2372 au·
2319 2299 2516 2377 unde
2566 2321 2705 2376 nec
2757 2296 2914 2395 ejus
2963 2298 3297 2398 operatio
3327 2353 3354 2394 ‚
3420 2323 3583 2400 quae
3636 2296 3734 2378 est
3788 2298 3898 2382 in-

655 2417 808 2478 tem
900 2404 1211 2482 materia
1281 2402 1519 2501 prima
1607 2415 1983 2478 remaneat
2049 2393 2217 2473 ac'tu
2319 2399 2702 2498 telligere‚
2772 2398 3215 2498 explebitur
3259 2425 3387 2501 per
3438 2398 3894 2498 respectum‚

650 2501 808 2601 post
861 2500 1227 2600 formam,
1278 2529 1431 2583 non
1482 2500 1581 2580 est
1634 2500 1766 2579 nisi
1819 2498 2215 2578 secundum

651 2603 903 2681 acium
956 2607 1255 2684 alterius
1282 2603 1577 2683 formae.
1637 2601 1916 2680 Anima
1967 2617 2216 2677 autem

650 2701 975 2782 humana
1030 2725 1279 2780 manet
1332 2705 1408 2780 in
1453 2703 1619 2780 aRu
1647 2704 1906 2779 eodem
1924 2726 1956 2787 ς’
1996 2698 2070 2774 8(
2123 2721 2215 2774 ex

650 2801 793 2882 boc
866 2805 1236 2905 contingit
1303 2805 1501 2904 quod
1577 2802 1824 2881 anima
1896 2799 2219 2877 humana

649 2903 752 2983 est
802 2902 1043 2983 forma
1072 2962 1097 3001 ‚
1147 2907 1224 2984 8(
1289 2903 1537 3000 aciusz,
1606 2901 1914 2982 materia
1966 2920 2213 2979 autem

647 3006 888 3108 prima
942 3008 1273 3107 potentia
1327 3032 1500 3086 ens.

755 3111 980 3209 Quod
1025 3129 1297 3188 autem
1367 3108 1624 3209 quinta
1691 3108 1885 3186 ratio
1955 3128 2212 3206 propo-

648 3213 914 3304 nebat,
968 3211 1248 3288 nullam
1303 3213 1808 3311 operationem
1861 3210 2055 3309 poffe
2109 3230 2210 3284 re-

647 3336 947 3390 manere
1001 3313 1080 3389 in
1129 3312 1417 3405 anima,
1471 3312 1523 3389 fi
1574 3337 1618 3388 a
1668 3334 1971 3411 corpore
2025 3307 2211 3407 sepa-

647 3433 897 3509 retur3
948 3412 1265 3492 dicimus
1314 3416 1452 3491 esse
1504 3411 1762 3491 falsum
1802 3468 1820 3486 .
1894 3414 2215 3488 Manent

648 3515 855 3591 enim
906 3516 1365 3615 operationes
1415 3515 1559 3593 illae
1612 3539 1770 3613 quae
1826 3537 1954 3612 per
2004 3535 2204 3609 orga-

575 3708 583 3717 ⁶
648 3639 744 3692 na
813 3640 967 3695 non
1034 3634 1524 3695 exercentur:
1595 3613 2009 3711 huiusmodi
2086 3638 2207 3689 au·

647 3732 807 3794 tem
859 3718 1024 3796 sunt
1079 3718 1492 3817 intelligere
1526 3771 1554 3812 ‚
1625 3717 1698 3794 8<
1746 3716 1990 3793 velle:
2047 3739 2208 3814 quae

641 3834 890 3898 autern
945 3843 1074 3918 per
1143 3845 1415 3921 organa
1486 3843 1856 3919 corporea¹
1887 3841 2216 3896 exercen-

643 3935 762 3995 tur
795 3978 820 4015 ,
895 3920 1074 3999 ficut
1149 3923 1312 4002 sunt
1400 3920 1858 4022 operationes
1939 3918 2206 3996 animae

641 4017 1011 4099 nutritivae
1063 4075 1091 4116 ‚
1185 4024 1261 4109 8(
1353 4022 1696 4102 senfitivae
1750 4076 1776 4118 ‚
1857 4021 1967 4100 hae
2054 4045 2206 4098 non

645 4139 953 4201 manent
986 4179 1004 4194 .
1254 4130 1262 4143 ¹

741 4225 1139 4301 Sciendum
1209 4240 1456 4302 tamen
1524 4223 1624 4302 est
1677 4280 1704 4316 ‚
1789 4226 1988 4324 quod
2057 4224 2212 4303 alio

641 4325 870 4400 modo
922 4326 1276 4424 intelligit
1325 4327 1576 4410 anima
1610 4327 1929 4426 separata
1981 4353 2022 4404 a
2057 4351 2208 4405 cor-

637 4444 865 4521 pore,
917 4424 992 4503 8<
1039 4428 1330 4526 corpori
1397 4428 1652 4519 unita,
1704 4427 1882 4506 ficut
1930 4429 2002 4505 8(
2055 4427 2213 4505 alio

2313 2503 2410 2581 ad
2460 2502 2711 2602 aliqua
2775 2501 3064 2600 ehje-fla
3116 2503 3194 2579 in
3256 2501 3634 2600 corporeis
3683 2519 3890 2600 orga-

2318 2603 2435 2680 nis
2471 2602 2905 2697 existentia‚
2956 2628 3115 2702 quae
3169 2601 3333 2680 sunt
3412 2602 3930 2711 hantasmata3v

2319 2701 2435 2779 sed
2505 2701 2876 2800 intelliget
2941 2727 3074 2800 per
3145 2701 3214 2780 se
3266 2703 3343 2803 ip
3374 2727 3498 2780 am
3551 2719 3681 2803 per
3730 2727 3894 2784 mo.

2321 2802 2498 2881 dum
2554 2801 3102 2883 substantiarum
3155 2829 3317 2904 quae
3351 2803 3511 2886 sunt
3549 2803 3891 2904 *totaliter

2317 2906 2711 2984 secundum
2768 2908 2905 2983 effe
2954 2932 2998 2984 a
3048 2908 3474 3007 corporibus
3525 2908 3892 3010 separatae,

2317 3009 2407 3086 de
2458 3008 2725 3108 quibus
2798 3006 2984 3087 infra
3037 3010 3064 3107 (
3118 3033 3161 3085 a
3214 3036 3370 3108 cap.
3446 3035 3607 3089 xci.
3663 3010 3890 3111 usque

2316 3109 2394 3188 in
2419 3110 2642 3188 finem
2676 3111 2703 3208 )
2754 3128 3007 3210 agetur
3024 3166 3050 3206 ‚
3102 3138 3145 3189 a
3168 3114 3433 3213 quibus
3452 3113 3679 3191 etiam
3703 3130 3890 3191 tam·

2314 3236 2539 3311 quam
2591 3238 2634 3288 a
2688 3212 3170 3311 superioribus
3225 3214 3520 3292 uberius
3570 3214 3882 3293 influen-

2317 3315 2502 3392 tiam
2578 3312 2901 3412 recipere
2972 3314 3242 3412 poterit
3318 3316 3410 3391 ad
3489 3312 3881 3412 perfeetius

2318 3412 2928 3512 intelligendum.
2996 3413 3222 3509 Cujus
3290 3413 3577 3514 {ignum
3651 3416 3881 3495 etiam

2313 3514 2390 3592 in
2465 3514 2894 3601 viventibus
2964 3534 3321 3615 apparet:
3396 3541 3567 3593 nam
3627 3518 3878 3596 anima

2310 3617 2605 3718 quando
2655 3616 3049 3715 impeditur
3099 3620 3191 3694 ab
3213 3617 3692 3719 occupatione
3742 3619 3881 3699 cir·

2316 3743 2402 3797 ca
2451 3744 2712 3817 corpus
2735 3721 3153 3817 proprium,
3206 3720 3525 3798 redditur
3551 3721 3867 3800 debilior

2318 3821 2411 3900 ad
2464 3819 3023 3920 intelligendum
3060 3821 3307 3919 aliqua
3333 3821 3626 3900 altiora:
3683 3824 3878 3900 unde

2307 3923 2381 4000 8(
2434 3922 2664 4000 virtus
2717 3922 3261 4021 temperantiae,
3312 3947 3470 4023 quae
3523 3950 3566 3998 a
3617 3948 3875 4022 corpo·

2308 4024 2453 4101 reis
2504 4021 3107 4101 delefflationibus
3164 4022 3463 4101 retrahit
3513 4023 3874 4118 animam,

2311 4126 2669 4225 praecipue
2722 4122 2898 4202 facit
2932 4125 3270 4202 homines
3320 4124 3409 4201 ad
3464 4123 3880 4223 intelligam-2

2310 4229 2487 4305 dum
2543 4246 2789 4327 aptos.
2847 4225 3216 4304 Homines
3240 4224 3464 4302 etiam
3517 4226 3884 4304 dormien-

2311 4347 2474 4422 tes,
2544 4329 2840 4428 quando
2914 4326 3284 4426 corporeis
3352 4326 3671 4406 senfibus
3727 4347 3882 4407 non

2310 4446 2614 4509 utuntur
2647 4483 2675 4525 ‚
2744 4453 2878 4506 nec
2945 4427 3044 4505 est
3113 4428 3355 4528 aliqua
3424 4429 3882 4529 perturbatio

639 4525 870 4603 modo
937 4525 1036 4603 est
1076 4585 1097 4604 .
1167 4531 1422 4608 Unum
1482 4529 1767 4627 uodque
1842 4529 2047 4605 enim
2116 4528 2211 4606 se·
2315 4531 2771 4620 humorum,
2823 4551 2950 4607 aut
2999 4527 3497 4609 fumofitatum
3568 4527 3877 4628 impedi·

639 4628 965 4704 cundum
1023 4629 1166 4708 hoc
1219 4630 1374 4727 agit
1461 4632 1826 4708 ecundum
1865 4633 2061 4728 quod
2087 4629 2214 4707 est.
2315 4658 2445 4710 ens
2484 4687 2510 4726 ‚
2583 4632 2997 4733 percipiunt
3060 4634 3152 4710 de
3221 4631 3479 4712 futuris
3532 4657 3622 4711 ex
3678 4632 3877 4732 supe-

635 4726 805 4808 Effe
878 4729 1178 4827 quidem
1250 4732 1514 4809 animae
1583 4731 1914 4808 humanae
1954 4787 1981 4825 ‚
2030 4733 2209 4810 dum
2312 4735 2591 4812 riorum
2666 4733 3122 4833 impreffione
3192 4736 3439 4834 aliqua
3505 4757 3875 4832 quaemo-

633 4823 732 4904 est
786 4833 1074 4930 corpori
1127 4832 1380 4928 unita,
1429 4831 1554 4911 etfi
1605 4832 1690 4912 fit
1738 4831 2197 4930 absolutum,
2300 4836 2478 4914 dum
2516 4835 3097 4914 ratiocinationis
3125 4836 3457 4915 humanae
3488 4834 3865 4913 excedunt:

633 4952 677 5008 a
728 4955 1030 5035 corpore
1050 4961 1202 5015 non
1222 4935 1682 5040 dependens,
1734 4956 1983 5017 tamen
2034 4933 2196 5013 stra·
2296 4937 2374 5018 8(
2422 4937 2563 5018 hoc
2613 4940 2855 5017 multo
2905 4938 3147 5039 magis
3198 4936 3464 5016 accidit
3515 4936 3595 5013 in
3646 4933 3869 5053 sinco-

3116 5043 3191 5117 K
3247 5062 3297 5118 ι(
3406 5065 3448 5116 2.
3759 5062 3868 5140 pi·
