4597 5696
1364 348 1982 447 tonstrua
2065 356 2811 428 εΕΝτῐιες
2895 359 3142 428 nm.
3221 360 3279 426 1.
3854 369 3930 439 ες

707 467 1234 551 universalibus
1281 480 1572 549 tantum
1621 494 1647 563 ς
1729 469 1910 551 licut
1960 470 2090 571 qui
2141 494 2270 549 co-
2363 468 2577 570 posfit
2626 520 2654 566 ‚
2705 482 2792 548 et
2832 468 3036 560 effe3
3107 466 3582 550 neceffarium
3663 494 3932 555 autem

559 595 568 602 ·
698 570 1078 667 gnosceret
1127 569 1478 673 eclypfim
1530 572 1717 653 hanc
1761 624 1791 667 ‚
1842 597 1992 652 non
2046 586 2260 673 prout
2363 594 2455 648 ex
2505 570 2630 650 sua
2700 570 2911 650 causa
2983 592 3137 647 non
3209 569 3445 668 potest
3518 596 3671 656 non
3745 580 3931 657 effe:

694 669 851 750 haec
902 726 929 767 ‚
1002 672 1120 749 sed
1194 689 1410 772 prout
1488 673 1831 774 provenit
1869 697 1974 763 ,εκ
2023 678 2248 773 opp'o·
2353 671 2748 751 secundum
2801 671 2879 750 id
2910 695 3093 749 vero
3128 672 3327 770 quod
3354 688 3743 775 utrumque
3799 675 3929 758 ho-

701 770 965 849 fitione
1009 799 1034 864 ς
1084 795 1258 851 cum
1308 772 1674 853 ostensum
1723 773 1814 854 fit
1866 775 2166 875 (cap.lv.
2214 770 2255 867 )
2351 797 2517 850 rum
2571 772 2656 850 in
2710 773 2783 851 se
2832 770 2933 850 est
2973 826 3001 869 ,
3052 794 3207 870 non
3272 770 3521 853 differt
3573 794 3932 877 quantum

660 874 893 1050 puod
943 871 1195 950 divina
1245 874 1579 975 cognitio
1654 875 1726 954 se
1777 877 2104 954 extendit
2151 869 2245 950 ad
2347 875 2440 953 ad
2492 875 2677 968 effe,
2731 873 2937 988 supra
2988 873 3187 971 quod
3246 868 3594 954 fundatur
3642 894 3929 958 verumt
4042 886 4045 889 ‘

718 999 740 1047 l

747 972 1076 1072 ngularia
1115 982 1332 1074 prout
1389 976 1551 1057 sunt
1602 974 1686 1056 in
1739 974 1810 1055 fi:
1865 975 2070 1078 ipfis.
2345 974 2519 1074 quia
2571 974 2651 1052 in
2677 972 3136 1074 contingenti
3164 972 3572 1055 secundum
3626 978 3702 1058 id
3724 982 3942 1081 quod.

939 1099 994 1161 c
1078 1101 1139 1163 A
1226 1100 1274 1163 P
1359 1100 1417 1163 U
1504 1100 1568 1162 T
1732 1096 2017 1161 LXVII.
2341 1074 2426 1153 in
2479 1075 2549 1153 se
2600 1072 2747 1169 est,
2796 1099 2949 1153 non
3001 1072 3100 1153 est
3153 1074 3297 1152 else
3332 1130 3360 1172 ,
3403 1094 3494 1155 -et
3543 1103 3697 1158 non
3749 1082 3922 1179 effe,

806 1180 983 1266 Quod
1034 1184 1196 1244 Deus
1230 1180 1502 1275 cognpscit
1557 1177 1878 1260 fingulaeriae‘
1906 1178 2124 1255 contin·
2342 1175 2463 1254 sed
2515 1175 2752 1254 solum
2801 1177 2942 1253 effe
2962 1229 2993 1271 ,
3043 1173 3218 1253 licet
3251 1174 3331 1252 in
3383 1174 3715 1259 futurum
3746 1206 3923 1272 ‚con-

1215 1281 1406 1341 genm
1435 1256 1639 1338 sutura
1663 1298 1683 1322 ·
2340 1277 2635 1376 tingens
2688 1275 2898 1376 possit
2954 1299 3107 1355 non
3150 1276 3297 1354 effe
3326 1331 3346 1351 .
3422 1279 3748 1359 Divinus
3795 1308 3923 1360 au-

673 1378 909 1567 EX
964 1380 1079 1461 his
1127 1397 1376 1461 autem
1447 1375 1597 1479 jam
1648 1374 2065 1483 aliqualiter
2115 1400 2240 1480 pa·
2339 1393 2495 1456 tem
2575 1376 2989 1456 intelleRus
3055 1378 3150 1453 ab
3200 1392 3484 1469 aeterno
3535 1382 3916 1479 cognoscit

888 1500 1040 1561 tere
1088 1482 1321 1585 potest
1372 1483 1572 1584 quod
1635 1480 2238 1581 contingentium
2338 1500 2449 1558 res
2517 1502 2701 1576 non.
2745 1478 2979 1558 solum
3034 1476 3443 1559 secundum
3522 1482 3665 1559 effe
3714 1486 3911 1582 quod

591 1579 1147 1685 '·fingularium
1215 1585 1310 1661 ab
1383 1599 1654 1662 aeterno
1705 1588 1910 1668 Deus
1963 1578 2233 1659 infalli·
2339 1580 2609 1659 habent
2661 1578 2741 1658 in
2790 1578 3013 1659 causis
3064 1578 3204 1655 suis
3253 1631 3280 1672 ‚
3347 1579 3469 1660 sed
3519 1580 3749 1659 etiam
3802 1585 3910 1662 se·

677 1683 907 1762 bilem
963 1681 1341 1762 scientiam
1393 1681 1713 1778 habuit3
1792 1707 1929 1759 nec
1981 1697 2232 1758 tamen
2333 1681 2655 1759 cundum
2698 1681 2863 1757 esse
2932 1678 3132 1777 quod
3208 1675 3484 1756 habent
3535 1682 3617 1758 in
3668 1682 3744 1759 se
3799 1684 3908 1782 ip·

673 1785 1188 1884 contingentia
1239 1785 1378 1862 esse
1431 1782 1804 1863 defistunt.
2193 1795 2198 1800 “
2334 1780 2469 1859 fis.
2524 1779 2746 1859 Nihil
2801 1774 3027 1878 igitur
3077 1776 3433 1876 prohibet
3484 1778 3728 1879 ipsum
3781 1777 3905 1860 ha,

787 1908 844 1962 1.
897 1885 1363 1984 contingens
1415 1879 1619 1961 enim
1668 1876 2088 1962 certitudini
2109 1904 2229 1959 co-
2333 1880 2505 1961 bere
2556 1895 2901 1958 aeternam
2933 1902 3025 1956 co
3075 1878 3155 1957 ni
3171 1875 3457 1956 tionem
3490 1880 3580 1958 de
3615 1881 3907 1962 contin·

670 1982 1033 2084 gnitionis
1084 2008 1238 2063 non
1289 1997 1649 2084 repugnat
1699 2036 1725 2080 ,
1798 1981 1933 2060 nifi
1987 1981 2229 2059 secun·
2329 1977 2671 2083 gentibus
2721 1976 3036 2057 infallib‘
3073 2001 3233 2064 em.
3690 2056 3693 2059 ,

666 2088 849 2165 dum·
898 2078 1095 2182 quod
1147 2082 1473 2162 futurum
1525 2079 1627 2159 est
1677 2129 1706 2177 ‚
1772 2105 1923 2160 non
1975 2092 2223 2158 autem
2439 2106 2504 2193 3.
2559 2078 2943 2179 Amplius.
2995 2076 3201 2167 Sicut
3249 2105 3339 2158 ex
3388 2080 3596 2159 causa
3649 2084 3897 2183 neces?

667 2185 1059 2263 secundum
1134 2179 1333 2284 quod
1452 2181 1706 2261 raesens
1781 2177 1935 2257 est:
1991 2180 2223 2260 conti·
2329 2178 2510 2256 saria
2562 2179 2887 2278 sequitur
2927 2174 3229 2256 effeetus
3253 2182 3888 2283 certitudinaliter,
3912 2195 3949 2257 ,“

663 2306 844 2383 gens
897 2284 1101 2361 enim
1151 2304 1324 2363 cum
1375 2205 1703 2361 AEturum
1755 2277 1857 2357 est
1907 2330 1934 2373 ‚
1990 2276 2220 2379 potest
2325 2276 2430 2356 ita
2518 2301 2609 2356 ex
2659 2278 2870 2356 causa
2944 2277 3406 2377 contingenti
3478 2283 3896 2384 completa,

661 2398 809 2464 non
867 2384 1065 2477 effe3
1141 2384 1213 2461 &
1268 2382 1362 2462 fic
1413 2380 1748 2482 cognitio
1797 2378 2219 2477 aestimantis
2321 2377 2376 2455 fi
2428 2403 2579 2457 non
2648 2375 3087 2479 impediatur
3130 2435 3148 2456 .
3206 2382 3367 2480 ¹Sed
3442 2388 3618 2462 cum
3688 2387 3891 2466 Deus

656 2481 895 2586 ipsum
948 2483 1276 2562 futurum
1329 2485 1512 2578 effe,
1564 2481 1725 2559 falli
1762 2479 2030 2581 potest:
2086 2477 2216 2557 fal·
2316 2479 2704 2579 cognostat
2752 2476 3008 2558 omnia
3060 2533 3088 2575 ,
3155 2497 3239 2559 ut
3321 2504 3411 2561 ex
3463 2482 3539 2562 su
3592 2485 3889 2566 radiolis
3986 2542 3993 2545 v

652 2586 842 2665 letur
893 2587 1102 2671 enim
1156 2640 1185 2680 ‚
1253 2581 1305 2662 fi
1363 2604 1515 2664 non
1586 2578 1727 2667 erit
1776 2583 1973 2681 quod
2027 2579 2215 2660 fistu-
2317 2581 2347 2675 (
2397 2605 2552 2681 cap.
2607 2579 2668 2693 1..
2708 2578 2736 2676 )
2789 2597 3037 2678 patet,
3090 2580 3223 2658 scit
3258 2603 3407 2659 non
3463 2583 3540 2661 so
3570 2607 3697 2660 um
3717 2612 3882 2664 cau-⁹

646 2710 811 2768 rum
885 2685 1025 2766 effe
1099 2682 1489 2775 aestimavit
1538 2705 1557 2760 τ
1625 2706 1716 2762 ex
1765 2706 1915 2781 quo
1966 2698 2215 2760 autem
2321 2681 2424 2758 sas
2466 2680 3112 2778 contingentium,
3167 2680 3295 2758 sed
3337 2677 3562 2759 etiam
3615 2707 3701 2760 ea
3721 2688 3884 2784 qui,-

647 2787 952 2888 praesens
1024 2782 1125 2864 est
1175 2838 1203 2882 ‚
1275 2810 1410 2888 pro
1462 2782 1599 2864 illo
1673 2800 2009 2882 tempore,
2057 2805 2212 2862 non
2317 2778 2452 2884 bus
2504 2781 2791 2882 poffunt
2844 2777 3438 2896 impediri3Scit
3489 2779 3717 2883 igitur
3749 2810 3879 2886 per

647 2887 873 2987 potest
927 2913 1081 2964 non
1132 2888 1325 2976 ess'es
1377 2881 1610 2987 potest
1663 2902 1910 2963 autem
1964 2884 2042 2962 in
2097 2881 2202 2962 fu-
2300 2880 2817 2962 certitudinem
2906 2906 3019 2959 ani
3072 2885 3580 2981 contingentia
3648 2885 3788 2964 fint
3834 2941 3869 2985 ‚

646 3003 893 3065 turum
943 3013 1092 3065 non
1147 2988 1285 3065 esse
1335 3045 1353 3075 .,
1424 2988 1563 3066 Sed
1635 2986 1774 3064 hoc
1847 3011 2000 3064 non
2051 2978 2203 3084 jam
2300 2982 2425 3062 vel
2475 3005 2627 3081 non
2663 2980 2838 3059 fint.
3358 3081 3359 3084 Ν

640 3088 962 3187 pertinet
1012 3084 1105 3164 ad
1143 3086 1574 3186 contingens
1624 3102 1841 3187 prout
1888 3085 2196 3191 praesens
2310 3166 2322 3176 ‚
2395 3110 2491 3182 4.-
2523 3079 2788 3163 Adhuc
2813 3134 2833 3159 .
2890 3075 3262 3162 Effeelum
3316 3083 3660 3165 excedere
3717 3086 3863 3168 suae
3906 3155 3921 3188 ,

640 3187 787 3283 est,
842 3189 959 3267 sed
1008 3202 1224 3287 prout
1275 3186 1603 3265 futurum
1658 3184 1796 3263 est:
1851 3187 2043 3264 unde
2083 3186 2193 3263 ni·
2291 3184 2517 3265 causae
2586 3179 3117 3286 perfeflionem
3201 3210 3354 3264 non
3427 3190 3798 3289 contingit
3827 3245 3855 3288 ‚

631 3286 740 3365 hil
811 3286 1233 3367 certitudini
1308 3286 1545 3363 sensus
1628 3285 1905 3385 deperit
1956 3307 2185 3385 quum
2289 3281 2663 3363 interdum
2718 3299 2970 3364 tamen
3021 3286 3116 3361 ab
3167 3308 3255 3364 ea
3305 3280 3605 3368 deficit:
3659 3290 3850 3369 unde

626 3386 794 3488 quis
844 3385 1048 3467 videt
1098 3408 1382 3466 currere
1436 3383 1887 3481 hominem,
1936 3410 2193 3484 quam-
2287 3407 2462 3463 cum
2537 3381 2619 3462 in
2688 3384 2906 3461 nobis
2974 3382 3302 3464 causetur
3377 3389 3710 3486 cognitio
3760 3417 3852 3471 ex

629 3488 743 3566 vis
792 3487 933 3567 hoc
986 3486 1271 3567 dietum
1323 3486 1410 3565 fit
1459 3484 1895 3585 contingens
1927 3541 1945 3562 .
2001 3488 2186 3564 Om·
2287 3485 2501 3562 rebus
2538 3536 2566 3579 ‚
2632 3482 3004 3582 contingit
3042 3485 3430 3567 interdum
3481 3491 3677 3588 quod
3727 3517 3849 3570 ne⁹

623 3587 743 3667 nis
797 3586 1023 3690 igitur
1072 3584 1408 3688 cognitio
1458 3608 1616 3686 quae
1653 3587 1859 3687 supra
1901 3585 2186 3666 contin·
2284 3584 2580 3663 cellaria
2630 3608 2785 3663 non
2850 3602 2980 3685 per
3029 3588 3332 3665 modum
3408 3589 3840 3671 necestitatis

626 3712 805 3788 gens
858 3687 1088 3768 fertur
1133 3707 1348 3789 prout
1400 3689 1701 3789 praesens
1751 3684 1852 3764 est
1887 3740 1915 3783 ‚
1979 3702 2177 3766 certa
2276 3682 2784 3785 cognoscimus
2820 3738 2848 3781 ,
2921 3681 3045 3764 sed
3090 3684 3634 3786 probabilitatis
3667 3749 3687 3769 .
3740 3696 3849 3789 Sis.

625 3791 766 3866 esse
817 3789 1089 3891 potest.
1144 3787 1409 3868 Divini
1465 3805 1714 3867 autem
1766 3786 2177 3867 intellectus
2276 3803 2404 3866 cut
2452 3804 2701 3867 auoem
2770 3784 2960 3886 apud
3027 3805 3162 3866 nos
3234 3811 3347 3870 res
3417 3792 3584 3870 sunt
3631 3797 3842 3872 causa

622 3888 930 3971 intuitus
1005 3892 1124 3969 ab·
1165 3908 1440 3969 aeterno
1505 3888 1732 3969 fertur
1781 3889 1863 3966 in
1912 3912 2188 3967 unum·
2273 3889 2725 3989 cognitionis
2774 3938 2804 3985 ‚
2886 3887 2989 3965 ita
3017 3885 3296 4004 ‘divina
3345 3891 3680 3991 cognitio
3731 3897 3840 3973 est⁴

617 3992 961 4092 quodque
1011 4012 1269 4069 eorum
1338 4013 1496 4089 quae
1564 3990 1912 4090 temporis
1960 3989 2170 4071 cursu
2219 4055 2228 4064 .
2271 3990 2479 4067 causa
2531 4008 2774 4068 rerum
2821 4005 3351 4088 cognitarum..
3423 3993 3641 4070 Nihil
3695 3994 3829 4094 igi-

613 4109 1135 4191 peraguntur‘,
1206 4105 1422 4191 prout
1542 4092 1793 4169 raesens
1867 4089 1967 4168 est
2006 4139 2033 4185 ‚
2083 4110 2190 4168 ut-
2268 4105 2387 4168 tur
2454 4090 2796 4190 prohibet
2867 4113 2953 4166 ea
3029 4085 3112 4168 in
3182 4093 3254 4170 se
3326 4091 3849 4193 contingentia-

483 4183 510 4210 ‘
617 4189 825 4288 supra
877 4189 1076 4291 (cap.
1128 4188 1371 4286 lxm.)
1420 4218 1469 4269 o
1528 4191 1778 4269 ensum
1831 4191 1967 4270 est.
2023 4194 2165 4269 Re·
2267 4191 2407 4267 effe
2458 4191 2548 4270 de
2576 4190 2839 4290 quibus
2875 4192 3077 4270 Deus
3113 4187 3583 4278 necessariam
3612 4196 3836 4278 scien·
3892 4273 3899 4280 .

611 4287 971 4388 linquitur
1022 4291 1245 4391 igitur
1297 4290 1493 4392 quod
1543 4294 1632 4369 de
1673 4286 2162 4393 contingenti·
2262 4291 2447 4370 tiam
2503 4292 2762 4369 habet.
2860 4349 2867 4354 .

612 4389 749 4467 bus
799 4387 988 4468 nihil
1040 4389 1378 4506 prohibet
1434 4398 1678 4471 Deum
1748 4392 1843 4470 ab
1893 4412 2164 4474 aeterno
2375 4418 2437 4492 ς.
2490 4399 2838 4473 Praeterea
2893 4443 2913 4470 .
2986 4385 3314 4476 Εῆὲἒίιις
3385 4420 3535 4484 non
3590 4399 3820 4499 potest

613 4489 992 4569 scientiam
1044 4488 1510 4571 infallibilem
1562 4494 1863 4571 habere.
2255 4495 2415 4596 effe·
2445 4490 2877 4572 neceffarius
2943 4492 3145 4592 cujus
3228 4499 3438 4576 causa
3494 4498 3594 4577 est
3646 4527 3812 4578 con-

516 4641 524 4651 ·
715 4617 783 4667 2.
839 4593 1031 4670 Item
1064 4649 1084 4669 .
1160 4593 1618 4693 Contingens
1668 4620 1710 4671 a
1764 4590 2154 4674 necessario
2252 4596 2587 4695 tingens:
2641 4594 3013 4700 contingit
3061 4590 3266 4676 enim
3308 4598 3652 4679 effecium
3703 4601 3833 4679 es-.

602 4687 1292 4790 differt,secundum
1345 4692 1540 4794 quod
1588 4698 2155 4802 unumquodque
2259 4697 2330 4775 se
2368 4750 2396 4813 2
2468 4713 2750 4775 remota
2815 4697 3023 4775 causa
3064 4749 3082 4774 .
3156 4698 3483 4780 Effeftus
3518 4771 3523 4776 .
3567 4720 3831 4782 autem„

606 4791 687 4869 in
739 4794 1117 4872 sua-causa
1147 4792 1282 4874 est:
1327 4794 1768 4898 pontingens
1820 4799 2025 4910 enirn
2053 4797 2145 4878 lic
2256 4796 2506 4877 ultimi
2558 4798 2781 4877 ‘causa
2842 4797 2951 4890 'est
3003 4816 3077 4878 et
3128 4802 3458 4900 proxima
3493 4854 3522 4894 ‚
3575 4821 3649 4880 et
3696 4829 3807 4881 re·
3850 4874 3858 4882 .

603 4890 688 4978 in
736 4893 859 5014 sua
901 4897 1116 4998 ,causa
1199 4894 1337 5013 est*
1378 4914 1459 4981 ut
1524 4923 1713 4996 non,
1751 4899 1889 4981 effe
1923 4924 2014 4984 ex
2063 4926 2149 4982 ea
2250 4917 2455 4983 mota
2495 4955 2516 4982 .
2568 4899 2648 4986 Si
2698 4900 2925 5005 igitur
2969 4902 3307 5082 pxioxima
3357 4900 3576 4983 fuerit
3625 4929 3802 5018 con·

919 5016 983 5024 ·“
1045 5023 1052 5028 ·
1417 5026 1422 5030 ·
1549 5019 1562 5026 ·
2125 5041 2136 5044 -
2706 5044 2715 5051 -
2906 5051 2937 5074 0
3104 5030 3265 5082 mz-
3649 5019 3833 5081 tm&
