4597 5696
747 384 829 440 44

748 488 999 582 modi,
1056 484 1230 566 licut
1278 501 1359 564 et
1398 485 1567 587 ‚aliae
1603 501 1983 562 creaturae.
2042 483 2310 581 Hujus-

742 588 949 667 modi
1002 602 1250 664 autem
1303 586 1540 663 simile
1574 584 1892 661 inveniri
1948 583 2175 684 potest
2227 585 2308 661 in

741 688 1090 788 potentiis
1142 685 1707 787 cognoscitivis‚
1760 702 1833 763 et
1880 685 1963 763 in
2020 685 2306 763 virtuti-

743 791 879 883 bus
931 788 1330 889 operativis
1414 785 1751 864 humanis
1791 842 1810 862 .
1885 785 2304 864 Intellectus

747 889 953 972 enim
1003 889 1222 967 unica
1278 889 1555 966 virtute
1606 886 1982 986 cognoscit
2050 886 2303 963 omnia

748 1014 910 1089 quae
1038 1014 1149 1066 ars
1204 988 1551 1067 sensitiva
1601 986 1907 1065 diversis
1963 985 2309 1084 potentiis

750 1114 979 1187 appne
1034 1090 1279 1183 eadit,
1331 1088 1656 1167 &etiam
1707 1088 1853 1164 alia
1905 1086 2310 1175 multa3in·

752 1190 1085 1268 tellectus
1139 1190 1364 1268 etiam
1418 1204 1692 1287 quanto
1770 1186 1989 1264 fuerit
2039 1186 2254 1264 altior
2283 1238 2311 1278 ‚

761 1304 969 1368 tanto
1047 1290 1299 1388 aliquo
1370 1313 1522 1365 uno
1607 1288 1812 1384 plura
1878 1287 2313 1385 cognoscere

757 1390 989 1487 potest
1026 1442 1053 1482 ‚
1104 1390 1194 1464 ad
1244 1413 1405 1487 quae
1458 1386 1954 1484 cognoscenda
2036 1385 2314 1462 intelle-

756 1504 937 1565 ctus'
972 1485 1274 1565 inferior
1325 1511 1476 1564 non
1564 1485 1921 1584 pertingit
1991 1485 2133 1561 nisi
2189 1508 2316 1582 per

754 1586 993 1666 multa
1015 1643 1033 1663 .
1089 1585 1400 1665 Potestas
1422 1604 1666 1662 autem
1719 1586 1919 1683 regia
1944 1586 2033 1661 ad
2060 1584 2312 1662 omnia

754 1686 888 1763 illa
941 1686 1351 1764 extenditur
1420 1686 1510 1761 ad
1580 1710 1738 1782 quae
1819 1684 2110 1762 diversae
2182 1682 2312 1759 sub

748 1784 903 1884 ipsa
955 1785 1336 1885 potestates
1388 1784 1725 1862 ordinem
1778 1784 2048 1860 habent
2074 1840 2091 1858 .
2183 1782 2308 1860 Sic

750 1884 982 1983 igitur
1054 1887 1128 1962 8<
1204 1887 1403 1962 Deus
1475 1906 1605 1983 per
1670 1908 1902 1960 unum
1994 1881 2307 1979 simplex

746 1985 960 2063 suum
1014 1986 1152 2065 effe
1174 2039 1201 2079 ‚
1239 1984 1745 2071 omnimodam
1776 1981 2304 2081 perfectionem

746 2085 1094 2183 poffidet,
1146 2108 1370 2182 quam
1422 2107 1533 2159 res
1584 2083 1741 2159 aliae
1798 2107 1925 2180 per
1976 2083 2305 2179 quaedam

757 2184 1039 2294 diversa
1091 2183 1626 2284 consequuntur
1676 2236 1704 2278 ,
1778 2182 2021 2259 immo
2073 2180 2313 2257 multo

757 2306 1128 2378 ,majorem
1182 2337 1202 2356 .
1528 2358 1531 2361 ,

776 2416 787 2446 1
852 2385 971 2460 Ex
1048 2409 1199 2483 quo
1269 2395 1471 2482 patet
1505 2470 1510 2475 ,
1540 2382 1909 2461 neceffitas
1982 2379 2304 2481 plurium

747 2482 1142 2560 nominum
1195 2484 1285 2560 de
1339 2488 1507 2570 Deo
1551 2485 1962 2562 dictorum:
2012 2481 2186 2580 quia
2236 2504 2305 2556 e·

740 2583 907 2661 nim
962 2606 1133 2661 eum
1212 2609 1363 2661 non
1441 2586 1804 2684 possumus
1843 2582 2307 2680 ’cognoscere

741 2681 1178 2762 naturaliter
1210 2736 1238 2775 ‚
1289 2683 1421 2761 nifi
1498 2710 1588 2762 ex
1668 2682 2046 2761 effectibus
2100 2683 2306 2769 deve-

744 2784 1023 2863 niendo
1073 2784 1153 2861 in
1205 2783 1442 2883 ipsum
1483 2838 1510 2880 ‚
1590 2800 1877 2885 oportet
1929 2783 2124 2882 quod
2175 2806 2300 2859 no-

750 2884 958 2962 mina
1012 2885 1277 2983 quibus
1330 2884 1858 2983 perfectionem
1933 2883 2154 2982 ipsius
2212 2881 2304 2959 si»

858 3007 1063 3060 amus
1098 3036 1125 3078 ‚
1175 2983 1452 3061 diversa
1502 2986 1650 3064 sint
1685 3039 1711 3080 ‚
1762 2984 1951 3062 sicut
2021 2999 2096 3059 et
2146 3004 2304 3079 per-

777 3082 1109 3161 edtiones
1163 3082 1243 3160 in
1295 3087 1507 3161 rebus
1563 3084 2035 3161 inveniuntur
2073 3081 2306 3156 diver-

743 3183 834 3261 sae
886 3239 906 3258 .
960 3183 1035 3262 Si
1086 3200 1332 3260 autem
1387 3184 1619 3283 ipsam
1676 3182 2051 3261 essentiam
2080 3194 2298 3277 prout

743 3282 845 3360 est
897 3285 1251 3381 poss‘emus
1282 3284 1742 3384 intelligere.
1795 3301 1869 3360 et
1903 3281 1971 3357 ei
2025 3302 2300 3356 nomen

744 3383 1127 3482 proprium
1179 3385 1555 3485 adaptare,
1608 3412 1759 3463 uno
1791 3380 2094 3461 nomine
2149 3396 2301 3456 tan-

737 3499 903 3560 tum
963 3508 1128 3563 eam
1184 3486 1811 3584 exprimeremus:
1895 3481 2090 3583 quod
2141 3503 2303 3577 pro-

738 3584 1083 3662 mittitur
1133 3583 1250 3663 his
1303 3585 1432 3683 qui
1485 3610 1659 3662 eum
1731 3610 1858 3683 per
1926 3580 2307 3658 ess'entiam

737 3683 1162 3777 videbunt,
1216 3684 1439 3760 Zach.
1460 3687 1660 3781 ult.9.
1682 3693 1771 3759 In
1795 3683 1917 3759 die
1970 3680 2107 3757 illa
2159 3679 2308 3753 erit

736 3780 1128 3866 Dominus
1183 3782 1489 3875 anun&
1546 3809 1805 3859 nomen
1858 3778 2014 3881 ejus
2050 3801 2297 3851 unum.

980 3913 1035 3977 C
1116 3920 1183 3982 A
1269 3917 1315 3979 P
1403 3920 1461 3981 U
1548 3920 1610 3981 T
1773 3916 2052 3978 XXXII.

784 4037 963 4121 Quod
1001 4035 1153 4101 nihil
1193 4038 1260 4100 de
1298 4041 1417 4101 Deo
1445 4085 1465 4116 ‚
1490 4036 1591 4100 ⁷&
1632 4038 1770 4098 aliis
1822 4034 1979 4098 rebus
2018 4034 2257 4097 univoce

1301 4120 1642 4202 predicatur
1656 4157 1675 4177 .

1036 4250 1091 4310 1.
1135 4252 1298 4313 Pare.
1339 4246 1528 4332 quest.
1569 4255 1753 4313 ¹141.
1796 4265 1906 4309 art.
1938 4227 2013 4324 '5-

748 4371 983 4563 EX
1037 4378 1151 4457 his
1202 4379 1428 4458 etiam
1480 4373 1678 4478 patet
1726 4376 1922 4478 quod
1972 4371 2162 4452 nihil
2206 4373 2298 4450 de

908 4561 914 4567 ,
970 4483 1135 4556 Deo
1185 4480 1258 4557 8<
1311 4480 1524 4557 rebus
1544 4480 1707 4557 aliis
1758 4474 1988 4579 potest
2039 4475 2300 4553 univo-

748 4605 835 4664 ce
890 4578 1261 4681 praedicari
1314 4634 1333 4653 .
1784 4588 1791 4594 ’

868 4704 926 4754 ι.
984 4681 1192 4756 Nam
1245 4676 1541 4755 effectus
1617 4676 1748 4776 qui
1819 4703 1971 4756 non
2040 4672 2300 4772 recipit

742 4774 1074 4856 formam
1138 4777 1538 4854 secundum
1611 4777 1923 4873 speciem
1975 4775 2301 4853 similem

757 4877 834 4960 ei
880 4901 1014 4978 per
1063 4881 1292 4982 quam
1340 4899 1561 4978 agens
1612 4875 1812 4977 agit,
1882 4899 2158 4956 nomen
2204 4873 2302 4954 ab

1398 369 1533 432 DE
1592 359 2168 429 VERITATE
2221 354 2947 431 CATHOLICAE
3007 370 3321 436 FIDEI

2411 487 2539 565 illa
2611 487 2847 573 forma
2923 486 3293 587 sumptum
3364 490 3750 575 secundum
3803 496 3962 575 uni-

2411 614 2681 667 vocam
2757 589 3345 687 praedicationem
3417 595 3734 694 recipere
3808 590 3959 676 non

2407 688 2677 864 fotest:
2733 714 2884 766 non
2937 690 3142 765 enim
3194 691 3506 772 univoce
3531 696 3795 774 dicitur
3841 722 3962 773 ca·

2438 790 2647 882 idus,
2701 789 2897 887 ignis
2948 814 2992 865 a
3016 789 3182 868 Sole
3234 811 3611 890 generatus
3639 851 3665 891 ‚
3714 797 3786 872 8<
3810 795 3960 875 Sol.

2407 892 2691 967 Rerum
2744 904 3365 988 autem‚quarum
3421 899 3621 973 Deus
3673 894 3771 972 est
3797 920 3961 974 cau·

2417 990 2538 1085 sa,
2593 987 2843 1069 formae
2896 990 2985 1065 ad
3038 989 3347 1087 speciem
3379 1022 3388 1031 ·
3421 994 3685 1073 divinae
3738 995 3962 1072 virtu-

2417 1090 2509 1167 tis
2564 1113 2714 1166 non
2768 1088 3243 1186 perveniunt3
3292 1118 3462 1170 cum
3514 1094 3809 1173 divisim
3832 1148 3857 1187 ‚
3885 1094 3962 1173 8<

2415 1187 2949 1289 particulariter
3002 1189 3357 1305 recipiant
3405 1197 3604 1292 quod
3658 1196 3736 1271 in
3793 1198 3962 1271 Deo

2414 1288 2890 1387 simpliciter,
2940 1287 3013 1364 8<
3048 1290 3547 1371 universaliter
3571 1293 3963 1371 invenitur.

2397 1393 2626 1466 ‘Patet
2680 1390 2704 1464 i
2761 1388 2904 1465 itur
2954 1388 3150 1486 quod
3202 1394 3292 1470 de
3349 1395 3513 1471 Deo
3547 1449 3574 1487 ,
3623 1394 3698 1470 8<
3751 1393 3968 1472 rebus

2416 1488 2582 1565 aliis
2636 1489 2716 1564 ni
2774 1488 2826 1563 il
2877 1488 3197 1567 univoce
3246 1490 3394 1570 dici
3446 1493 3673 1592 potest
3702 1550 3722 1569 .

2518 1615 2584 1664 2.
2639 1585 3021 1685 Amplius.
3077 1588 3153 1665 Si
3206 1589 3469 1689 aliquis
3524 1591 3824 1673 effectus
3873 1594 3966 1673 ad

2415 1687 2728 1787 speciem
2779 1686 3003 1800 causae
3056 1690 3420 1800 pertingat
3441 1746 3466 1786 ‚
3520 1693 3968 1793 pradicatio·

2408 1812 2580 1864 nem
2631 1810 2961 1863 nominis
3013 1810 3334 1868 umvoce
3389 1816 3541 1870 non
3592 1792 3965 1891 consequi-

2409 1906 2568 1978 tur,
2620 1886 2765 1961 nisi
2821 1885 3210 1966 secundum
3267 1895 3612 1971 eumdem
3692 1890 3962 1970 effendi

2407 1987 2712 2064 modum
2785 1986 3119 2061 eamdem
3193 1990 3508 2087 speciem
3564 2047 3591 2084 ‚
3647 1991 3768 2070 vel
3821 1990 3965 2070 for·

2408 2110 2609 2162 mam
2664 2084 2996 2181 suscipiat
3066 2112 3087 2160 :
3157 2113 3310 2165 non
3392 2092 3594 2166 enim
3648 2092 3964 2169 univoce

2410 2186 2674 2263 dicitur
2752 2183 3013 2259 domus
3086 2211 3244 2284 quae
3319 2186 3417 2263 est
3475 2189 3551 2265 in
3606 2208 3758 2266 arte
3810 2235 3832 2268 2
3884 2191 3961 2266 δε

2411 2286 2491 2362 in
2560 2281 2864 2360 materia
2903 2334 2954 2374 ‚.
2983 2303 3274 2384 propter
3343 2286 3482 2365 hoc
3555 2289 3751 2386 quod
3823 2286 3966 2366 sor-

2408 2410 2531 2462 ma
2582 2385 2845 2462 domus
2898 2381 3118 2463 habet
3168 2387 3306 2462 esse
3374 2388 3711 2464 diffimile
3765 2405 3960 2465 utm-

2407 2486 2668 2584 bique.
2722 2486 2873 2560 Res
2893 2496 3138 2561 autem
3155 2484 3314 2562 aliae
3367 2488 3592 2564 etiam
3624 2487 3685 2565 si
3724 2486 3962 2564 omni-

2408 2611 2511 2662 no
2559 2582 2884 2661 similem
2937 2577 3254 2659 formam
3303 2587 3960 2685 consequerentur,

2409 2709 2559 2762 non
2638 2701 2892 2761 tamen
2961 2683 3492 2782 consequuntur
3570 2687 3961 2763 secundum
4085 2772 4086 2775 Ἴ

2402 2785 2747 2864 eumdem
2798 2781 3102 2860 modum
3129 2786 3430 2862 essendi:
3487 2810 3662 2864 nam
3715 2786 3820 2863 nil
3857 2784 3960 2863 est

2406 2887 2486 2963 in
2541 2890 2708 2962 Deo
2757 2884 2953 2981 quod
3005 2909 3158 2961 non
3208 2884 3303 2964 sit
3357 2887 3592 2984 ipsum
3662 2888 3802 2963 effe
3853 2885 3962 2964 di-

2404 2985 2720 3077 vinum,
2791 2998 2873 3058 ut
2924 3007 3015 3060 ex
3065 2983 3279 3061 dictis
3361 2985 3389 3081 (
3442 3011 3599 3086 cap.
3650 3012 3872 3064 x111.
3929 2986 3959 3083 )

2408 3099 2659 3182 patet3
2711 3083 2905 3179 quod
2962 3083 3040 3158 in
3079 3083 3255 3161 *aliis
3307 3087 3518 3164 rebus
3571 3111 3722 3164 non
3773 3087 3961 3164 acci-

2401 3184 2549 3262 dit.
2607 3181 3067 3295 Impoffibile
3124 3181 3222 3259 est
3278 3184 3502 3283 igitur
3540 3185 3816 3286 aliquid
3868 3187 3956 3263 de

2404 3288 2572 3362 Deo
2623 3306 2991 3376 umvoce,
3044 3297 3117 3360 et
3148 3283 3357 3363 rebus
3376 3285 3537 3363 aliis
3564 3285 3955 3385 praedicari.

2511 3411 2576 3485 3.
2632 3381 2933 3460 Adhuc.
2991 3386 3240 3461 Omne
3309 3387 3505 3484 quod
3574 3387 3662 3462 de
3729 3385 3958 3558 ‘pluri—

2403 3484 2540 3562 bus
2593 3484 2904 3561 univoce
2958 3486 3377 3581 praedicatur
3411 3537 3436 3577 ‚
3510 3483 3629 3558 vel
3684 3509 3724 3560 e
3835 3507 3956 3579 ge-

2406 3610 2538 3662 nus
2576 3638 2604 3677 ‚
2658 3582 2778 3660 vel
2829 3580 2928 3657 est
2983 3580 3294 3678 specim,
3343 3582 3464 3657 vel
3517 3580 3955 3676 differentia,

2406 3683 2527 3759 vel
2579 3681 2907 3758 accidens
2926 3731 2953 3772 ‚
3002 3697 3128 3754 aut
3144 3679 3522 3792 proprium
3540 3734 3559 3754 .
3615 3683 3732 3755 De
3788 3684 3954 3758 Deo

2404 3797 2650 3857 autem
2706 3776 2895 3853 nihil
2947 3778 3369 3874 praechcatur
3419 3796 3501 3856 ut
3542 3801 3816 3877 genus,
3870 3796 3954 3858 ut

2402 3878 2606 3977 supra
2658 3876 2685 3972 (
2736 3901 2888 3973 cap.
2939 3901 3109 3954 xxv.
3167 3875 3193 3972 )
3244 3874 3604 3955 ostensum
3656 3877 3754 3955 est
3799 3906 3824 3967 ς
3876 3896 3954 3960 et

2394 3977 2738 4058 similiter
2781 4000 2928 4054 nec
2949 3994 3041 4075 ‚ut
3068 3973 3482 4056 differentia
3505 4032 3530 4072 ‚
3568 4002 3703 4057 nec
3723 3979 3951 4057 etiam

2395 4097 2480 4159 ut
2533 4076 2798 4192 speeies
2846 4129 2874 4168 ‚
2944 4099 3102 4174 quae
3156 4100 3245 4155 ex
3296 4101 3563 4175 genere
3620 4095 3696 4156 et
3747 4077 3953 4158 diffe-

2396 4193 2637 4262 renna
2685 4174 3188 4271 constituitur3
3238 4201 3373 4255 nec
3406 4178 3684 4276 aliquid
3739 4178 3808 4255 ei
3836 4203 3953 4259 ac·

2327 4297 2334 4302 “
2371 4280 2637 4359 cidere
2674 4273 2994 4457 Rom
3029 4261 3367 4376 ut'supra
3416 4277 3622 4376 (cap.
3649 4302 3786 4356 xxx
3808 4306 3834 4355 1
3860 4281 3952 4376 ι.)

2401 4381 2671 4458 demon
3011 4374 3172 4470 est.
3220 4394 3312 4455 et.
3345 4378 3447 4455 ita
3497 4377 3606 4455 nil
3654 4379 3746 4457 de
3782 4383 3952 4477 Deo

2400 4478 2822 4593 praedicatur
2871 4485 3241 4586 nequent
3288 4478 3617 4593 accidens
3637 4533 3664 4575 ‚
3707 4503 3954 4578 neque

2401 4597 3173 4791 ἓξτὲῑᾟὲὦὲωὲῗηω
3213 4581 3947 4775 affuturae&

2405 4779 2629 4877 igitur
2700 4775 2888 4854 mhu
2955 4778 3044 4855 de
3117 4781 3325 4876 Deo,
3396 4792 3471 4857 et
3518 4776 3731 4857 rebus
3779 4776 3947 4856 aliis

2406 4878 2720 4965 univoce
2769 4877 3139 4979 praedicari
3185 4932 3207 4956 .
3693 4931 3696 4934 >
3763 4893 3780 4906 ·

3622 5000 3694 5075 4.
3748 4979 3944 5054 Item
