4597 5696
1332 289 3329 381 CONTRAGENTILES'LIB.11st

677 402 780 486 li'a
812 373 1076 499 ‚⁴‘sunt
1145 405 1398 481 eadem
1452 408 1639 502 apud
1694 433 1954 488 omnes
1991 419 2030 485 .“
2065 413 2250 489 Non

678 503 777 581 est
835 526 1080 583 autem
1111 506 1362 584 eadem
1397 508 1694 586 scientia
1747 513 1938 611 apud
1992 538 2249 592 omnes

565 705 572 712 .
678 607 769 683 de
819 605 1447 710 concitifiouibu3‚
1501 609 1619 688 sed
1647 612 1879 690 solum
1933 615 2022 690 de
2059 615 2253 714 prin-

676 708 892 806 cipiis
930 766 947 784 .
1031 712 1238 812 Patet
1329 710 1558 810 igitur
1637 715 1833 812 quod
1919 709 2256 816 cognitio

678 809 1211 911 principiorum
1264 811 1362 888 est
1385 813 1596 892 nobis
1648 813 2042 910 naturalis,
2097 843 2249 896 non

681 913 938 1021 autem‘
1000 911 1546 991 conclusionum
1594 973 1612 991 .
1693 918 1918 1017 Quod
1995 934 2245 998 autem

679 1037 853 1089 non⁴
905 1012 1003 1090 est
1075 1015 1399 1093 naturale
1480 1016 1694 1098 nobis
1723 1070 1751 1114 ‚
1800 1020 2247 1120 acquirimus

679 1134 812 1213 per
837 1195 838 1208 Ν
866 1114 941 1191 id
994 1118 1189 1234 quod
1234 1115 1336 1196 est
1365 1118 1742 1215 naturale,
1793 1119 1973 1201 ficut
2020 1123 2247 1202 etiam

682 1215 764 1292 in
816 1218 1298 1332 ertenoribus
1332 1243 1461 1334 per
1490 1245 1753 1302 manus
1802 1220 2248 1318 instituimus

680 1340 940 1396 omnia
990 1319 1398 1400 artificialia
1433 1378 1452 1399 .
1510 1324 1698 1402 Non
1746 1341 1930 1424 ergo
1954 1327 2251 1418 conclu-‚-

678 1417 964 1500 fionum
1037 1422 1336 1502 scientia
1407 1422 1505 1504 est
1560 1422 1642 1504 in
1709 1428 1924 1507 nobis
1973 1426 2110 1507 nisi
2159 1455 2252 1511 cx

664 1523 1060 1625 ,principiis
1113 1523 1501 1627 acquisita.
2218 1557 2222 1562 ·

791 1632 858 1741 ἕξ.
932 1626 1199 1706 Adhuc
1240 1683 1259 1705 .
1344 1633 1541 1708 Cum
1627 1645 1884 1711 natura
1971 1631 2253 1735 semper

679 1730 1058 1808 ordinetur
1124 1730 1217 1807 ad
1277 1741 1519 1808 unum
1562 1785 1592 1827 ‚
1678 1735 1893 1813 unius
1962 1737 2255 1816 virtutis

681 1829 1057 1944 oportebit
1124 1832 1262 1908 effe
1334 1833 1762 1913 naturaliter
1840 1862 2073 1917 unum
2126 1843 2253 1917 ob-

682 1929 949 2047 )ecium
983 1987 1009 2026 ,
1078 1930 1498 2014 ficutxvisus
1565 1936 1893 2016 colorem
1923 1995 1950 2034 ,
1999 1941 2074 2019 8<
2124 1966 2245 2019 au-

679 2035 874 2121 ditus
926 2034 1185 2113 sonum
1215 2090 1235 2110 .
1298 2037 1715 2133 Intellecius
1753 2039 2020 2140 igitur,
2071 2067 2243 2121 cum

681 2133 958 2247 fituna
1037 2137 1153 2216 vis
1186 2191 1211 2231 ,
1246 2137 1381 2250 ‚est
1431 2137 1585 2234 ejus
1635 2159 1865 2219 unum
1924 2146 2248 2222 nattwale

679 2235 1099 2352 omes-ium,
1149 2263 1353 2336 cujus
1409 2257 1549 2339 per—
1592 2243 1661 2318 se
1715 2245 1787 2321 8<
1819 2239 2249 2325 naturaliter

680 2356 1196 2452 cognitionem
1222 2342 1483 2421 habet.
1544 2346 1712 2423 Hoc
1738 2366 1984 2424 autem
2040 2372 2251 2448 opor-

697 2457 803 2519 tet
853 2441 991 2556 esse
1043 2442 1120 2520 id
1175 2441 1305 2520 sub
1357 2468 1509 2542 quo
1535 2448 2256 2546 comprehenduntur

685 2565 941 2620 omnia
1012 2543 1106 2622 ab
1177 2544 1559 2625 intelleciu
1641 2551 1999 2646 cognitam
2079 2552 2254 2629 ficut

682 2642 809 2721 sub
882 2644 1127 2721 colore
1201 2648 1925 2742 comprehenduntur
1994 2675 2252 2729 omnes

645 2743 1030 2837 colores,
1104 2744 1233 2841 qui
1309 2744 1473 2822 suut
1547 2770 1674 2845 per
1745 2747 1816 2823 se
1889 2748 2257 2847 visibile8‚

685 2844 886 2958 quod
949 2869 1100 2921 non
1166 2841 1266 2921 est
1318 2845 1517 2924 aliud
1589 2872 1824 2948 quam,
1868 2873 2001 2929 ens
2049 2867 2256 2931 natu·

687 2947 931 3023 taliter
958 3003 977 3021 .
1053 2945 1292 3045 Igitur
1361 2946 1777 3033 intelleetus
1843 2952 2084 3031 noster
2132 2980 2258 3034 co-

683 3045 970 3147 gnoscit
1039 3071 1172 3127 ens
1211 3102 1237 3142 ‚
1313 3047 1387 3126 8<
1440 3076 1527 3128 ea
1578 3077 1738 3153 quae
1791 3052 1957 3134 sunt
2003 3080 2134 3157 per
2182 3058 2253 3136 se

682 3149 915 3244 entis,
968 3148 1409 3250 inquantum
1463 3152 1921 3252 hujusmodi:
1977 3156 2057 3237 in
2110 3185 2257 3260 qua

684 3250 1116 3367 cognitione
1183 3251 1525 3332 fundatur
1594 3258 2005 3357 primorum
2112 3261 2256 3339 rin-

684 3376 1051 3449 crpiorum
1105 3356 1374 3433 notitia
1411 3409 1438 3450 ‚
1495 3374 1575 3435 ut
1640 3384 1795 3438 non
1849 3361 1989 3438 effe
2070 3364 2251 3441 imul

684 3455 1050 3571 affirmare
1092 3510 1119 3550 ‚
1190 3456 1266 3534 &
1316 3480 1584 3556 negare
1607 3512 1634 3552 ‚
1699 3460 1775 3539 8c
1823 3461 1968 3539 alia
2019 3462 2252 3559 hujus-

682 3558 929 3635 modl.
989 3559 1166 3637 Haec
1223 3557 1453 3658 igitur
1524 3558 1672 3639 sola
1728 3562 2089 3664 principia
2142 3566 2251 3642 in-

679 3654 1015 3738 telleflus
1067 3656 1302 3738 noster
1352 3661 1778 3761 naturaliter
1827 3665 2247 3767 cognoscin

681 3759 1186 3842 conclusiones
1225 3778 1497 3847 ‚autem
1570 3788 1697 3862 per
1769 3765 1915 3864 ipsa
1959 3823 1986 3864 ‚
2073 3767 2254 3847 ficut

682 3886 815 3962 per
880 3862 1207 3978 colorem
1276 3863 1653 3965 cognoscit
1718 3867 1912 3947 visus
1995 3866 2253 3948 omnia

680 3962 1042 4042 sensibilia
1087 4017 1114 4057 ,
1191 3985 1346 4043 tam
1443 3968 1871 4049 communia
1911 4026 1937 4068 ,
2026 3995 2250 4073 quam

681 4062 1045 4144 sensibilia
1096 4088 1224 4165 per
1275 4068 1608 4151 accidens
1639 4128 1658 4146 .

683 4265 704 4284 ·
790 4192 858 4266 9.
913 4169 1309 4285 Praeterea:
1353 4168 1468 4283 ⁴Id
1540 4174 1737 4272 quod
1787 4198 1919 4272 per
1968 4175 2252 4254 sensum

680 4291 766 4346 ιη
818 4267 1034 4345 nobis
1099 4287 1507 4370 acquiritur
1529 4325 1558 4367 ‚
1625 4299 1777 4353 non
1831 4275 2054 4359 infuit
2101 4279 2256 4357 ani-

682 4393 830 4484 ¹¹3².
873 4384 1042 4447 ante
1093 4388 1353 4472 corpus
1394 4429 1412 4449 .
1495 4374 1633 4454 Sed
1686 4375 2006 4475 ipsorum
2111 4380 2253 4459 rin-

674 4493 1056 4568 tipiorum
1105 4474 1450 4572 cognitio
1502 4472 1851 4558 in'nobis
1902 4505 1991 4559 ex
2077 4480 2251 4561 enfi-

682 4570 955 4650 bilibus
1019 4574 1345 4653 causatur
1369 4634 1400 4674 ‚
1471 4574 1608 4654 nisi
1679 4579 1885 4659 enim
1951 4582 2252 4683 aliquod

681 4687 924 4752 totum
976 4673 1180 4754 sensu
1231 4677 1787 4777 percepissemus
1819 4736 1845 4777 ‚
1897 4707 2049 4763 non
2100 4684 2254 4785 pos-

683 4772 921 4853 semus
989 4774 1404 4878 intelligere
1471 4781 1672 4881 quod
1742 4800 1986 4865 totum
2078 4788 2255 4867 ess'et

683 4875 923 4980 majus
985 4897 1194 4981 parte
1225 4934 1255 4982 ,
1325 4878 1506 4966 licut
1580 4908 1720 4967 nec
1769 4911 1995 4971 caecus
2044 4906 2257 4979 natus

2353 404 2631 506 aliquid
2686 405 2999 505 percipit
3077 407 3164 483 de
3216 401 3581 483 coloribus
3619 460 3639 478 .
3719 404 3935 499 Ergo

2353 533 2488 585 nec
2560 507 2880 608 ipsorum
2975 506 3519 609 principiorum
3583 504 3930 602 cognitio

2354 607 2571 687 affuit
2620 609 2887 714 apimae
2936 626 3107 690 ante
3138 632 3445 707 corpus3
3476 604 3737 683 *multo
3789 603 3947 700 igi-q

2356 727 2472 788 tur
2526 712 2770 790 minus
2824 712 3140 791 aliorum
3178 769 3197 787 .
3277 712 3460 789 Non
3532 707 3760 806 igitur
3809 706 3936 782 fir-

2354 838 2477 890 ma
2531 810 2631 890 est
2701 812 3027 912 Platonis=
3099 811 3291 890 ratio
3344 866 3371 906 ‚
3420 808 3620 909 quod
3675 807 3931 886 anima

2351 912 2494 992 fuit
2543 933 2717 994 ante
2767 940 2995 1016 quam
3047 915 3378 993 uniretur
3429 910 3767 1010 corpori.

2464 1044 2576 1094 10.
2638 1022 2828 1097 Item
2867 1074 2885 1106 ,
2941 1016 3020 1096 Si
3091 1041 3349 1095 omnes
3400 1014 3664 1091 anima:
3718 1036 3936 1111 praee·

2349 1118 2707 1204 xtiterunt
2756 1119 3180 1217 corporibus
3229 1118 3492 1218 quibus
3544 1114 3933 1208 uniuntur,

2349 1221 2796 1321 consequens
2846 1222 3138 1298 videtur
3206 1220 3405 1320 quod
3457 1218 3713 1295 eadem
3769 1214 3923 1293 ani-

2355 1348 2478 1401 ma
2556 1322 2947 1402 secundum
3021 1321 3587 1402 viciffitudinem
3642 1336 3930 1416 tempo-⁴

2353 1451 2520 1506 rum
2554 1425 2852 1504 diversis
2882 1424 3309 1525 corporibus
3336 1423 3668 1501 uniatur:
3724 1420 3927 1520 quod

2356 1530 2664 1629 quidem
2730 1546 2976 1628 aperte
3042 1526 3507 1625 consequitur
3576 1538 3941 1624 ponentes.

2355 1634 2834 1712 aeternitatem
2890 1629 3143 1708 mundi
3184 1655 3200 1703 :
3256 1627 3306 1705 fi
3356 1626 3581 1708 enim
3633 1647 3931 1724 genera-

2359 1736 2468 1812 tio
2519 1734 2908 1812 hominum
2962 1730 3058 1809 est
3112 1729 3548 1828 sempiterna
3588 1779 3620 1820 ‚
3718 1747 3933 1824 opor-

2358 1855 2466 1916 tet
2518 1836 2807 1914 infinita
2880 1857 3195 1932 corpora,
3242 1830 3561 1908 bumana
3630 1848 3941 1927 genera·-

2325 1939 2457 2035 τί,
2506 1936 2583 2016 8(
2631 1936 3005 2034 corrumpi
3037 1933 3427 2013 secundum
3483 1946 3725 2008 totum
3745 1944 3933 2005 tem·

2349 2042 2543 2141 poris
2594 2036 2973 2118 decursum
3005 2094 3023 2112 .
3100 2041 3255 2116 Aut
3307 2057 3487 2132 ergo
3553 2059 3606 2110 o
3702 2027 3927 2108 rtebit

2354 2144 2642 2242 dicerer,
2696 2139 2982 2219 animas
3032 2136 3484 2239 praeextitiss'e
3537 2159 3581 2210 a
3661 2157 3705 2208 u
3760 2128 3942 2213 infi·.

2353 2245 2543 2323 nitas
2572 2300 2598 2339 ‚
2649 2239 2704 2320 fi
2754 2241 3051 2340 fingulae
3102 2233 3716 2334 animae.lingulis
3764 2254 3941 2322 cor-p

2355 2346 2654 2448 poribus
2720 2342 3078 2423 uniuntur
3121 2394 3147 2434 ,
3224 2357 3350 2418 aut
3403 2334 3771 2444 oportebit
3823 2331 3931 2412 di-

2355 2471 2521 2527 cere
2566 2503 2591 2543 ,
2660 2443 2713 2523 si
2783 2444 3049 2525 animae
3114 2440 3276 2520 sunt
3359 2439 3584 2518 finitae
3615 2491 3642 2532 ‚
3731 2435 3935 2536 quod

2356 2551 2628 2627 eaedem
2683 2547 3255 2626 unianturnunc
3312 2541 3475 2635 his,
3525 2562 3724 2618 nunc
3778 2534 3933 2618 illis

2351 2649 2781 2748 corporibus
2809 2703 2829 2728 .
2910 2647 3120 2723 idem
3190 2659 3437 2720 autem
3491 2641 3783 2718 videtur
3835 2636 3937 2713 se·

2363 2750 2492 2850 qui
2542 2803 2571 2843 ‚
2649 2746 2701 2825 fi
2770 2762 3136 2848 ponantur
3211 2744 3478 2821 anima:
3576 2737 3937 2840 praefuiffe

2357 2848 2827 2953 corporibus,
2878 2871 3051 2930 cum
3076 2846 3151 2926 8<
3179 2843 3331 2925 haec
3362 2841 3744 2946 generatio
3780 2867 3935 2931 non

2355 2952 2444 3032 fit
2494 2970 2759 3033 aeterna
2790 3008 2807 3029 .
2868 2948 3018 3031 Etsi
3048 2951 3259 3028 enim
3307 2966 3619 3049 ponatur
3670 2945 3930 3024 huma·

2355 3081 2451 3134 na
2501 3052 2885 3157 generatio
2950 3077 3102 3132 non
3174 3051 3457 3151 semper
3524 3048 3776 3144 fuisse,
3826 3061 3933 3127 ta-

2360 3184 2535 3237 men
2589 3158 2777 3238 nulli
2800 3154 3109 3236 dubium
3148 3153 3246 3232 est
3299 3152 3481 3252 quin
3538 3150 3935 3233 secundum

2360 3279 2696 3338 naturam
2768 3260 2850 3337 in
2923 3254 3303 3333 infinitum
3359 3250 3570 3351 possit
3621 3253 3931 3330 durare:

2358 3360 2451 3439 fic
2500 3362 2713 3438 enim
2783 3357 2883 3437 est
2951 3354 3431 3456 unusquisque
3503 3350 3933 3433 naturaliter

2356 3461 2768 3556 institutus,
2821 3457 2958 3537 nifi
3102 3482 3135 3534 r
3186 3456 3520 3534 accidens
3576 3451 3967 3553 impedia·.

2356 3583 2518 3660 tur,
2575 3580 2655 3641 ut
2727 3560 2906 3641 licut
2955 3586 2998 3641 e
3126 3561 3218 3637 ab
3268 3556 3422 3635 alio
3471 3573 3860 3654 generatus
3900 3606 3933 3652 ‚

2353 3667 2458 3745 ita
2510 3665 2720 3767 possit
2744 3664 2974 3744 alium
3010 3684 3393 3762 generare.
3454 3660 3623 3738 Hoc
3672 3674 3931 3735 autem

2355 3768 2454 3846 est
2526 3767 2756 3845 etiam
2831 3762 3267 3865 impossibile
3303 3821 3333 3862 ,
3409 3757 3459 3837 fi
3540 3758 3929 3838 animabus

2356 3869 2828 3949 existentibus
2864 3864 3104 3946 finitis
3133 3919 3161 3963 ‚
3211 3889 3357 3944 una
3394 3861 3721 3963 pluribus
3767 3883 3930 3938 cor·

2355 3972 2653 4074 poribus
2720 3967 2914 4048 uniri
2979 3993 3132 4046 non
3219 3965 3492 4067 possit:
3583 3964 3774 4041 unde
3853 3960 3934 4041 8:

2356 4073 2595 4174 plures
2646 4070 3085 4173 ponentium
3136 4065 3415 4146 animas
3449 4079 3619 4142 ante
3662 4085 3934 4161 corpo·

2320 4184 2435 4253 'ra
2454 4231 2480 4269 ‚
2526 4191 2817 4276 ‘ponunt
2870 4169 3244 4250 transitum
3308 4166 3579 4245 animae
3631 4165 3721 4244 de
3770 4188 3934 4243 cor-

2355 4301 2534 4378 pore
2588 4276 2668 4354 in
2741 4298 3003 4373 corpus
3046 4328 3065 4350 .
3124 4273 3292 4351 Hoc
3345 4285 3595 4355 autem
3644 4262 3743 4347 est
3796 4265 3937 4345 im·

2358 4376 2691 4482 poffibile
2734 4434 2751 4455 .
2829 4379 3018 4455 Non
3105 4373 3331 4472 igitur
3411 4370 3680 4449 animae
3758 4384 3934 4447 ante

2348 4506 2663 4581 corpora
2731 4475 3273 4579 praeextiterunt
3305 4530 3325 4550 .
3401 4474 3627 4572 Quod
3678 4487 3934 4551 autem

2348 4581 2439 4661 fit
2490 4581 2927 4682 impoffibile
2980 4600 3206 4658 mam
3247 4573 3582 4655 animam
3633 4568 3931 4652 divertis

2355 4685 2779 4786 cor-poribus
2830 4681 3025 4762 uniri
3061 4735 3089 4777 ‚
3139 4677 3235 4760 fic
3289 4692 3488 4780 patet
3510 4731 3530 4752 .
3636 4699 3641 4703 ·
3830 4728 3864 4787 ‘.

2364 4873 2375 4883 ,
2472 4813 2530 4864 1.
2589 4785 2885 4866 Animae
2935 4783 3140 4863 enim
3205 4782 3543 4861 humanae
3592 4800 3745 4857 non
3794 4768 3931 4853 dif-

2358 4886 2603 4985 ferunt
2652 4887 2893 4993 specie
2944 4887 3041 4970 ab
3070 4885 3448 4993 invicem
3486 4878 3620 4973 sed
3665 4898 3926 4977 nume-

2716 5050 2725 5061 .
3842 4998 3930 5062 1'0
