4597 5696
782 381 862 427 12

779 454 1186 535 invenitur.
1239 459 1557 560 Oportet
1577 465 1803 564 igitur
1832 470 2030 570 quod
2085 475 2331 552 Deum

778 556 931 635 esse
978 605 1008 652 .,
1109 581 1187 635 er
1239 560 1310 636 se
1360 578 1621 642 notum
1670 567 1805 646 sit.
1862 574 1977 649 Ex
2030 570 2141 650 his
2194 574 2330 671 igi-

783 670 901 733 tur
939 707 969 748 ‚
1162 659 1527 763 similibus
1599 665 1827 767 aliqui
1899 671 2332 768 opinantur,

770 758 1030 833 Deum
1081 759 1228 837 esse
1252 813 1278 853 ,
1326 762 1430 877 sic
1480 789 1610 864 per
1663 768 1732 844 se
1768 787 2024 848 notum
2079 773 2327 850 existe-

770 879 953 1032 roh·
957 872 1040 936 ut
1056 879 1501 941 contrarium
1552 884 1801 949 mente
1843 871 2149 969 cogitari
2174 898 2327 951 non

935 975 1037 1034 it.
1152 987 1166 1009 ··

774 977 883 1055 Po
988 1047 1017 1053 ”
1094 1057 1153 1120 C
1235 1064 1296 1125 A
1381 1063 1430 1125 P
1518 1068 1573 1130 U
1662 1070 1723 1131 T
1886 1073 2009 1134 XI.
2077 1145 2081 1149 Α

860 1167 1195 1251 Reprobatio
1228 1175 1517 1254 praemiffae
1555 1179 1825 1252 opinionis
1851 1222 1870 1252 ‚
1931 1176 2010 1242 <9⁹
2039 1177 2245 1258 Jblutio
2278 1208 2287 1217 ·

773 1322 780 1331 Ἰ
1173 1254 1448 1314 rationum
1488 1258 1923 1333 prsemiffarum.
1991 1314 2002 1324 .
2076 1334 2085 1343 ο

763 1367 1252 1553 PRaedicta
1325 1389 1571 1450 autem
1664 1376 1919 1473 opinio
1987 1377 2327 1478 provenit

668 1514 671 1515 ν
770 1523 774 1527 -
978 1470 1247 1568 partim
1299 1475 1597 1570 quidem
1639 1501 1727 1551 ex
1778 1477 2322 1571 consuetudine,

771 1592 920 1665 qua
968 1594 1012 1644 a
1061 1571 1423 1671 principio
1475 1574 1806 1653 homines
1853 1579 2110 1656 assueti
2165 1580 2327 1656 sunt

765 1692 1046 1745 nomen
1090 1672 1240 1748 Dei
1288 1673 1581 1768 audire,
1622 1678 1693 1752 8<
1718 1677 2099 1755 invocare:
2156 1705 2324 1756 con-

762 1766 1090 1882 suetudo·
1121 1788 1367 1849 autem
1402 1828 1427 1867 ,
1481 1795 1556 1852 et
1607 1778 1961 1876 praecipue
2013 1804 2169 1877 quae
2223 1778 2323 1855 est

612 1909 627 1917 -
762 1891 813 1943 a
865 1871 1267 1969 prmcipiO,
1317 1874 1478 1950 vim
1530 1895 1798 1953 natura:
1854 1879 2188 1957 obtinet:
2233 1905 2323 1958 ex

760 1991 917 2080 quo
965 1972 1333 2070 contingit
1401 1993 1482 2051 ut
1543 2002 1626 2052 ea
1678 1978 1940 2075 quibus
1994 2006 2035 2054 a
2089 1980 2322 2077 pueri-

760 2084 874 2143 tia
924 2070 1211 2149 animus
1267 2073 1666 2172 imbuitur,
1722 2078 1823 2152 ita
1876 2078 2183 2155 firmiter
2222 2098 2322 2156 te·

766 2184 1079 2243 neantur
1130 2195 1212 2246 ac
1244 2172 1307 2249 si
1337 2173 1567 2250 essent
1618 2176 2043 2252 naturaliter
2093 2194 2166 2254 et
2202 2194 2328 2274 per

762 2265 841 2343 ie
893 2284 1101 2345 nota.
1157 2271 1448 2347 Partim*
1488 2298 1664 2351 vero
1706 2275 2075 2373 contingit
2127 2302 2214 2354 ex
2235 2304 2328 2358 eo

756 2369 968 2464 quod
1010 2394 1162 2445 non
1202 2370 1665 2477 distinguitur
1690 2377 1885 2474 quod
1925 2376 2024 2452 est
2060 2394 2324 2457 notum

758 2489 893 2566 per
945 2467 1018 2544 se
1050 2469 1525 2570 simpliciter,
1578 2478 1882 2574 etquod
1935 2481 2172 2577 quoad
2194 2505 2327 2557 nos

754 2583 1026 2645 notum
1080 2570 1218 2647 est.
1276 2576 1483 2652 Nam
1535 2576 1969 2675 simpliciter
2019 2579 2320 2678 quidem

757 2670 1010 2746 -Deum
1064 2671 1262 2767 esse,
1315 2700 1442 2775 per
1484 2677 1553 2754 se
1589 2696 1849 2756 notum
1890 2678 2038 2775 est,
2087 2706 2320 2779 quum

750 2765 902 2847 hoc
958 2771 1195 2869 ipsum
1247 2778 1444 2874 quod
1498 2782 1698 2858 Deus
1751 2777 1848 2856 est
1879 2834 1908 2874 .,
1958 2781 2056 2858 sit
2108 2780 2319 2859 suum

756 2868 945 2945 esse.
1000 2875 1136 2949 Sed
1189 2877 1361 2972 quia
1400 2877 1540 2956 hoc
1590 2879 1827 2977 ipsum
1868 2882 2064 2980 quod
2118 2885 2318 2964 Deus

752 2966 909 3059 est,
962 2991 1210 3048 mente
1262 2977 1640 3074 concipere
1694 3006 1842 3057 non
1896 2982 2317 3079 possumus,

756 3088 1091 3148 remanet
1142 3072 1482 3170 ignotum
1533 3102 1682 3177 quo
1732 3082 1822 3157 ad
1872 3105 2004 3157 nos
2052 3110 2075 3174 3
2127 3082 2316 3160 sicut

758 3190 983 3245 omne
1060 3186 1299 3251 totum
1370 3176 1491 3254 sua
1562 3195 1765 3276 parte
1832 3179 2066 3274 maius
2118 3182 2312 3276 esse,

750 3289 895 3366 per
946 3269 1017 3345 se
1065 3290 1325 3386 notum
1379 3277 1489 3364 est
1530 3278 2014 3393 simpliciter3
2066 3282 2140 3358 ei
2187 3310 2309 3361 au-

746 3382 914 3445 rem
965 3396 1093 3470 qui
1146 3377 1509 3455 rationem
1565 3395 1788 3458 totius
1855 3399 2104 3460 mente
2156 3409 2308 3461 non

742 3471 1214 3584 conciperet,
1290 3495 1657 3577 oporteret
1723 3480 1869 3560 esse
1922 3483 2312 3581 ignotum:

754 3583 833 3645 et
881 3597 986 3650 sic
1038 3573 1124 3653 fit
1176 3594 1257 3655 ut
1306 3580 1398 3656 ad
1469 3606 1553 3656 ea
1605 3606 1761 3679 quae
1818 3581 1978 3660 sunt
2031 3584 2302 3661 notissi-

751 3692 875 3744 ma
929 3696 1170 3751 rerum
1210 3730 1236 3769 ‚
1307 3679 1546 3756 noster
1598 3680 2008 3758 intellet‘ms
2060 3682 2128 3755 se
2183 3683 2301 3759 ha·

744 3767 925 3845 beat
975 3790 1056 3848 ut
1107 3775 1358 3853 oculus
1406 3796 1686 3856 noctuae
1740 3779 1831 3855 ad
1884 3780 2178 3872 Solem,
2223 3797 2306 3858 ut

755 3869 853 3944 ΙΙ.
909 3873 1399 3973 Metaphysic.
1453 3877 1479 3973 (
1532 3896 1671 3955 tex.
1735 3905 1793 3953 1.
1847 3878 1878 3973 )
1924 3879 2233 3957 dicitur.

889 3973 1055 4051 Nec
1143 3994 1430 4071 oportet
1527 3994 1608 4056 ut
1656 3976 1937 4054 'statim
2004 3981 2297 4077 cognita

748 4064 964 4168 hujus
1017 4076 1344 4156 nominis
1421 4086 1620 4156 Deus
1692 4077 2216 4176 significatione
2268 4136 2294 4176 ‚

736 4175 1005 4253 Deum
1056 4181 1194 4254 effe
1246 4178 1335 4256 fit
1384 4198 1645 4258 notum
1695 4236 1720 4273 ‚
1771 4199 1854 4257 ut
1905 4181 2139 4278 prima
2191 4207 2295 4258 ra-

751 4282 865 4361 tio
916 4278 1335 4357 intendebat
1385 4339 1403 4356 .
1468 4283 1720 4359 Primo
1770 4280 2068 4379 quidem
2120 4284 2296 4381 quia

718 4408 905 4463 ⁴non
957 4379 1301 4458 omnibus
1353 4401 1613 4458 notum
1666 4381 1762 4462 est
1781 4436 1809 4477 ,
1849 4383 2075 4460 etiam
2126 4410 2293 4461 con-

746 4482 1177 4561 cedentibus
1245 4486 1489 4557 Deum
1542 4484 1679 4559 effe
1729 4537 1757 4577 ‚
1826 4485 2022 4581 quod
2093 4488 2298 4563 Deus

681 4584 847 4661 ⁴-fit
898 4584 973 4661 id
1023 4607 1170 4680 quo
1219 4579 1455 4674 majus
1503 4582 1811 4679 cogitari
1861 4609 2013 4660 non
2066 4586 2301 4683 possit3

734 4709 927 4761 ‘curn
1000 4680 1219 4757 multi
1299 4681 1764 4779 antiquorum
1834 4686 2190 4763 mundum
2245 4686 2301 4761 i·

760 4782 951 4862 stum
981 4782 1296 4858 dixerint
1319 4785 1564 4857 Deum
1587 4783 1743 4857 effe.
1770 4785 1936 4859 Nec
1956 4786 2179 4860 etiam
2210 4810 2300 4864 ex

746 4881 1468 4986 interpretationibus
1503 4879 1716 4977 hujus
1738 4882 2064 4968 nominis
2098 4896 2298 4970 Deus

1397 360 1534 428 DE
1586 365 2183 434 VERITATE
2239 368 2952 438 cATHOchAE
3013 373 3326 438 FIDEI

2431 501 2608 575 quas
2664 478 3150 557 Damascenus
3201 479 3410 579 ponit
3441 533 3466 572 ,
3518 476 3793 579 aliquid
3844 482 3973 563 hu‘

2435 574 2542 673 jus
2593 575 2906 676 intelligi
2957 581 3166 657 datur
3212 636 3231 655 .
3287 581 3575 658 Deinde
3625 582 3799 680 quia
3851 587 3973 661 da-

2432 692 2512 753 to
2561 677 2758 774 quod
2806 679 2899 755 ab
2947 680 3293 759 omnibus
3346 704 3471 777 per
3523 682 3661 759 hoc
3699 708 3979 763 nornen

2437 784 2640 854 Deus
2692 777 3142 877 intelligatur
3196 780 3474 879 aliquid
3542 807 3690 879 quo
3739 781 3977 878 majus

2429 875 2740 973 cogitari
2793 904 2942 955 non
2991 880 3202 979 posfit
3234 934 3262 975 .,
3315 906 3463 958 non
3516 882 3786 959 necesse
3838 883 3980 962 erit

2431 976 2714 1075 aliquid
2768 980 2906 1056 effe
2958 1005 3107 1078 quo
3158 978 3388 1076 majus
3438 981 3744 1079 cogitari
3816 1008 3969 1060 non

2431 1075 2662 1176 potest
2686 1077 3025 1163 inrerum
3078 1098 3371 1157 natura.
3433 1082 3715 1158 Eodem
3768 1083 3970 1161 enim

2429 1179 2654 1255 modo
2702 1181 2978 1258 necess'e
3029 1178 3128 1255 est
3179 1181 3353 1282 poni
3406 1206 3566 1257 rem
3613 1235 3640 1274 .,
3689 1180 3795 1257 δε.
3848 1208 3977 1261 no-

2427 1277 2652 1357 minis
2704 1280 3100 1357 tationem.
3158 1283 3276 1357 Ex
3314 1281 3451 1358 hoc
3497 1300 3741 1369 autem
3780 1285 3979 1380 quod

2369 1396 2673 1455 -mente
2723 1378 3137 1478 concipitur
3186 1382 3383 1478 quod
3434 1380 3788 1478 profertur
3841 1382 3981 1471 hoc

2425 1478 2728 1555 nornine
2798 1490 3000 1561 Deus
3030 1534 3058 1573 ‚
3125 1506 3277 1557 non
3345 1480 3661 1578 sequitur
3733 1486 3979 1576 Deum

2429 1580 2566 1654 esse
2618 1578 2750 1655 nili
2785 1580 2867 1656 in
2902 1579 3316 1657 intelletstu.
3376 1582 3591 1658 Unde
3611 1606 3743 1660 nec
3772 1608 3981 1680 opor-

2429 1679 2614 1756 tebit
2680 1679 2755 1755 id
2823 1705 2972 1779 quo
3044 1679 3278 1776 majus
3329 1679 3636 1779 cogitari
3689 1706 3836 1759 non
3857 1707 3980 1782 po·

2424 1778 2757 1874 test‚effe
2809 1779 2950 1856 nisi
3005 1780 3084 1856 in
3137 1780 3551 1869 intelleelm
3603 1781 3674 1858 8<
3729 1807 3817 1860 ex
3838 1784 3976 1875 hoc

2424 1904 2574 1955 non
2631 1879 2948 1979 sequitur
2998 1883 3194 1979 quod
3247 1881 3330 1994 fit
3382 1880 3657 1995 aliquid
3723 1882 3803 1997 in
3873 1908 3979 1960 re-

2424 2004 2588 2054 rum
2641 1997 2896 2058 natura
2965 2006 3113 2077 quo
3164 2007 3398 2072 majus
3464 2001 3770 2078 cog1tar1
3825 2010 3975 2062 non

2424 2078 2765 2173 possitz&
2807 2079 2899 2155 fic
2937 2080 3225 2154 nullum
3277 2081 3795 2157 inconveniens
3848 2084 3973 2177 est,

2482 2176 2759 2254 uolibet
2824 2179 3001 2255 dato
3046 2179 3167 2255 vel
3220 2176 3303 2252 in
3350 2203 3472 2271 re,
3522 2178 3642 2256 vel
3695 2179 3973 2257 intelle-

2504 2301 2550 2350 u
2601 2328 2628 2368 ‚
2697 2273 2928 2369 majus
2998 2277 3305 2376 cogitari
3359 2278 3551 2375 posse
3593 2330 3620 2370 ‚
3692 2279 3821 2354 nisi
3898 2281 3969 2359 ei

2427 2375 2554 2473 qui
2607 2376 2942 2455 concedit
2992 2376 3140 2455 esse
3189 2376 3464 2476 aliquid
3484 2376 3680 2478 ,Tquo
3731 2378 3964 2473 maius

2421 2475 2734 2574 cogitari
2785 2501 2936 2555 non
2987 2477 3224 2577 polilt,
3248 2477 3327 2553 in
3380 2502 3622 2557 rerurn
3674 2497 3967 2558 natura.

2533 2579 2697 2655 Nec
2767 2576 2994 2657 etiam
3063 2594 3352 2676 oportet
3404 2633 3429 2673 ,
3499 2596 3580 2657 ut
3658 2580 3967 2659 secunda

2420 2675 2610 2754 ratio
2658 2678 3110 2777 proponebat
3138 2733 3167 2775 ‚
3219 2673 3384 2757 Deo
3434 2678 3638 2779 posse
3688 2680 3968 2780 aliquid

2421 2775 2656 2875 majus
2706 2779 3066 2876 cogitari,
3106 2777 3151 2855 fi
3191 2779 3417 2879 potest
3455 2780 3760 2880 cogitari
3812 2807 3967 2860 non

2420 2879 2567 2955 esse
2603 2935 2621 2953 .
2679 2882 2884 2958 Nam
2937 2882 3137 2980 quod
3189 2882 3399 2980 possit
3449 2910 3490 2960 c
3593 2881 3755 2961 itari
3809 2908 3965 2961 non

2418 2979 2773 3072 effe,non
2824 3007 2912 3058 ex
2954 2978 3477 3080 inperfeffione
3552 2984 3623 3061 ui
3651 2981 3796 3060 esse
3835 2981 3971 3080 est,

2414 3079 2535 3156 vel
2588 3081 3345 3174 incertitudine‚cum
3414 3083 3621 3160 suum
3672 3084 3820 3160 esse
3875 3083 3965 3164 fit

2418 3179 2809 3259 secundum
2854 3181 2926 3259 se
2961 3177 3641 3275 manifestissimum3
3697 3184 3814 3262 [εά
3866 3209 3960 3264 ex

2406 3280 2784 3359 debilitate
2835 3281 3057 3361 nostri
3112 3282 3563 3377 intelleeius,
3596 3284 3724 3383 qui
3777 3309 3953 3363 eum

2410 3381 2678 3459 intueri
2719 3409 2868 3462 non
2891 3384 3114 3484 potest
3136 3409 3263 3482 per
3317 3384 3665 3483 seipsum,
3708 3385 3826 3460 sed
3862 3410 3955 3463 ex

2408 3481 2786 3563 effee'tibus
2808 3486 2978 3581 ejus.
3002 3488 3102 3562 Et
3133 3485 3225 3561 fic
3245 3486 3334 3559 ad
3365 3484 3953 3585 cognoscendum

2403 3581 2642 3679 ipsum
2697 3585 2843 3660 esse
2886 3637 2914 3676 ‚
2965 3583 3465 3659 ratiocinando
3519 3581 3951 3694 perducitur.

2511 3685 2624 3756 Ex
2676 3707 2824 3778 quo
2874 3682 3102 3757 etiam
3153 3680 3364 3757 tertia
3415 3698 3599 3757 ratio
3626 3679 3947 3759 solvitur,

2409 3780 2614 3855 Nam
2667 3780 2842 3858 ficut
2893 3781 3104 3858 nobis
3172 3805 3298 3878 per
3375 3779 3442 3855 se
3512 3798 3770 3858 notum
3844 3780 3945 3859 est

2403 3881 2599 3975 quod
2651 3896 2891 3958 totum
2943 3880 3063 3957 sua
3115 3898 3314 3979 parte
3369 3880 3458 3962 fit
3502 3880 3735 3970 majus
3770 3937 3795 3975 ,
3849 3881 3945 3963 lic

2402 3980 2820 4059 videntibus
2870 3982 3099 4080 ipsam
3151 3981 3481 4059 divinam
3557 3980 3944 4062 essentiam

2396 4103 2525 4177 per
2595 4081 2665 4157 se
2732 4083 3187 4180 notissimum
3263 4080 3362 4159 est
3423 4087 3662 4159 Deum
3714 4083 3862 4161 esse
3911 4135 3942 4177 ‚

2401 4205 2496 4257 ex
2548 4180 2686 4260 hoc
2740 4187 2934 4283 quod
3003 4185 3124 4263 sua
3195 4183 3495 4261 essentia
3565 4181 3663 4261 est
3736 4182 3948 4265 suum

2401 4282 2588 4360 esse.
2644 4287 2785 4363 Sed
2833 4284 3005 4385 quia
3058 4284 3213 4383 ejus
3260 4284 3644 4362 essentiam
3698 4284 3947 4370 videre

2395 4407 2547 4460 non
2600 4386 2971 4482 possumus
3028 4437 3054 4470 2
3104 4387 3194 4462 ad
3261 4382 3410 4475 eius
3461 4385 3607 4463 esse
3676 4411 3945 4486 cogno·

2396 4483 2735 4566 scendum
2791 4513 2938 4565 non
2991 4510 3118 4585 per
3170 4486 3238 4561 se
3292 4486 3527 4584 ipsum
3566 4541 3593 4584 ‚
3645 4486 3763 4566 sed
3812 4512 3944 4587 per

2398 4583 2549 4681 ejus
2602 4587 2900 4667 effeeius
2952 4585 3414 4684 pervenimus
3460 4645 3480 4664 .
3629 4591 3634 4597 '

2503 4688 2625 4763 Ad
2692 4706 3024 4787 quartam
3075 4688 3299 4782 etiam
3353 4703 3549 4790 patet
3602 4683 3866 4765 solutio
3913 4685 3943 4763 .’

2403 4786 2523 4865 Sic
2567 4789 2797 4874 *enim
2872 4789 3097 4866 horno
3182 4788 3603 4866 naturaliter
3692 4792 3938 4882 Deum

2400 4888 2818 4994 cognoscit,
2869 4889 3044 4992 ficut
3095 4889 3521 5025 naturaliter
3556 4885 3946 5070 ipsumfiggz
