4597 5696
660 406 665 413 ’
776 410 824 473 8
1404 399 1538 468 DE
1594 396 2178 466 VERITATE
2236 390 2954 464 CATHOLICAE
3011 394 3326 461 thzt

786 514 1394 610 consequerentur
1448 568 1468 588 .
1555 510 1848 608 Quibus
1930 505 2269 609 inspeffis
2309 561 2336 603 ,
2435 505 2608 586 fidei
2660 531 2788 608 per
2839 504 3136 589 Sanfflos
3187 508 3346 586 suos
3395 500 3745 589 miracula
3809 518 3981 613 opei

672 696 676 701 ,
790 611 1144 716 praediftae
1237 612 1685 713 probationis
1772 610 2099 690 efficacia
2182 634 2337 686 non
2433 609 2581 686 rari
2636 666 2654 684 .

784 739 1162 793 armorum
1214 712 1569 792 violentia
1593 766 1618 808 ,
1670 737 1825 790 non
1872 714 2336 809 voluptatum
2545 710 2653 788 Hi
2704 733 2883 787 vero
2931 708 3058 809 qui
3112 705 3331 787 retias
3381 731 3709 789 errorum
3755 712 3996 793 intro,

787 815 1298 917 promissione,
1349 816 1420 893 8<
1472 814 1670 914 quod
1720 812 1820 891 est
1902 810 2336 889 mirabilissi-
2439 811 2837 903 duxerunt,
2891 812 3374 908 processerunt
3413 812 3545 888 via
3594 816 3982 909 contraria,

793 942 1051 1009 mum,
1104 917 1294 994 inter
1332 915 1868 1017 persecutorum
1899 912 2341 991 tirannidem
2443 930 2525 990 ut
2591 929 2789 1010 patet
2853 911 2936 988 in
3009 911 3444 989 Mahumete
3481 965 3507 1004 ,
3560 914 3688 1012 qui
3740 941 3988 992 carna-

794 1017 1371 1096 innumerabiles
1403 1018 1688 1108 turbas,
1709 1041 1860 1092 non
1892 1012 2125 1090 solum
2177 1012 2343 1094 fim-
2443 1012 2632 1090 lium
2684 1011 3146 1113 voluptatum
3195 1012 3552 1109 promissis
3590 1065 3615 1107 ,
3668 1016 3758 1091 ad
3809 1040 3987 1115 quo·

788 1118 1138 1218 plicium‚
1192 1119 1312 1198 sed
1362 1119 1587 1196 etiam
1656 1113 2339 1214 sapien-tissimorum
2438 1137 2607 1190 rum
2658 1112 3084 1189 desiderium
3135 1111 3987 1213 carnalis-concupiscen-

792 1219 1186 1298 hominum
1230 1218 1329 1296 ad
1381 1217 1603 1295 fidem
1649 1214 2117 1295 christianam
2166 1239 2339 1307 com
2443 1213 2547 1291 tia
2601 1212 2893 1312 instigat
2924 1268 2951 1305 ‚
3004 1211 3306 1310 populos
3359 1212 3633 1291 illexit.
3669 1218 3989 1315 Praecep-

797 1321 1095 1399 vocavit
1133 1349 1163 1392 :s
1219 1322 1302 1396 'in
1371 1343 1512 1417 qua
1587 1334 1887 1394 omnem
1941 1315 2348 1411 humanum
2448 1329 2525 1391 ta
2576 1315 2802 1391 etiam
2833 1312 3128 1390 tradidit
3162 1312 3516 1411 promissis
3549 1313 3986 1411 conformia,

800 1418 1262 1498 intellefium
1311 1418 1732 1497 excedentia
1798 1398 2272 1515 praedicanfur
2324 1467 2349 1509 ,
2447 1414 2806 1513 voluptati
2861 1411 3143 1493 carnali
3212 1410 3525 1492 habenas
3588 1415 3912 1496 relaxans
3961 1472 3990 1513 ,

800 1521 1208 1620 voluptates
1258 1519 1491 1597 carnis
1541 1515 2015 1609 cohibentur,
2065 1514 2136 1590 8(
2191 1540 2345 1591 om-
2442 1517 2707 1613 quibus
2756 1515 2838 1589 in
2883 1529 3229 1612 promptu
3297 1512 3397 1589 est
3464 1539 3506 1589 a
3580 1517 4002 1599 carnalibus

790 1621 925 1699 nia
975 1646 1132 1720 qua:
1183 1621 1266 1697 in
1314 1620 1596 1697 mundo
1649 1618 1854 1706 sunt,
1892 1614 2139 1695 haberi
2176 1640 2343 1692 con·
2444 1613 2870 1691 hominibus
2902 1614 3220 1705 obediri.
3264 1616 3724 1693 Documenta
3758 1620 3985 1697 etiam

795 1719 1110 1821 temptui
1196 1722 1546 1798 docentur
1580 1774 1607 1793 .
1682 1717 1981 1816 Qubus
2058 1713 2343 1792 animos
2370 1716 2767 1811 §veritatis
2813 1738 2969 1790 non
3017 1713 3267 1791 attulit
3316 1715 3446 1789 nifi
3492 1741 3656 1814 quoe
3692 1719 3780 1794 de
3815 1717 3993 1799 faci-⁴

796 1821 1221 1900 mortalium
1309 1819 1641 1898 ass'entire
1696 1871 1722 1912 ‚
1787 1817 1863 1893 8<
1931 1815 2340 1893 maximum
2441 1815 2518 1891 li‘
2552 1842 2592 1892 a
2644 1814 2975 1913 quolibet
3025 1814 3489 1891 mediocriter
3529 1817 3829 1916 sapienti
3867 1844 3988 1897 na-

795 1922 1236 2002 miraculum
1288 1919 1386 1997 est
1422 1974 1450 2015 ,
1512 1920 1591 1996 8<
1637 1913 2107 1994 manifestum
2150 1915 2342 1992 divi·
2442 1916 2657 1993 rurali
2711 1915 3012 2013 ingenio
3061 1914 3419 2012 cognosci
3450 1920 3753 2015 poffint3
3805 1922 3989 2020 quin

795 2050 907 2114 nte
962 2021 1446 2121 inspirationis
1493 2044 1720 2118 opus,
1771 2036 1853 2094 ut
1903 2016 2343 2112 contemptis
2445 2017 2685 2114 potius
2736 2040 2909 2092 vera
2955 2041 3117 2111 quae
3170 2016 3419 2091 docuit
3472 2071 3497 2108 ,
3553 2020 3803 2097 multis
3885 2020 3988 2098 fa·

796 2122 1249 2213 visibilibus,
1302 2119 1448 2195 sola
1499 2117 1890 2194 invifi-bilia
1940 2115 2341 2212 cupiantur.
2447 2116 2637 2190 bulis
2688 2169 2714 2208 ‚
2764 2114 2838 2187 8<
2892 2112 3266 2189 falfiffimis
3317 2112 3665 2192 dofflrinis
3739 2119 3984 2197 immi-

800 2223 975 2301 Hoc
1028 2239 1273 2298 autem
1327 2242 1478 2295 non
1531 2216 1811 2308 subite,
1862 2238 2097 2312 neque
2151 2213 2346 2308 casu,

796 2323 920 2401 sed
970 2320 1218 2399 divina
1270 2314 1726 2415 dispositione
1796 2312 2074 2390 fatiam
2124 2313 2264 2389 esse
2317 2364 2345 2405 ,

798 2419 1264 2501 manifestum
1317 2417 1416 2495 est
1469 2442 1557 2495 ex
1610 2417 1748 2494 hoc
1801 2412 1996 2514 quod
2064 2414 2203 2491 hoc
2273 2411 2343 2488 se

798 2522 1161 2602 saetarum
1215 2525 1416 2598 Deus
1468 2517 1716 2596 multis
1789 2533 1955 2592 ante
2035 2511 2344 2613 Prophe·

798 2643 1038 2704 tarum
1092 2622 1420 2724 praedixit
1468 2617 1776 2698 oraculis
1819 2645 1832 2687 :
1892 2640 2207 2716 quorum
2255 2614 2342 2691 li·

796 2728 912 2805 bri
935 2750 1154 2827 penes
1190 2750 1318 2801 nos
1350 2722 1435 2798 in
1460 2718 1928 2799 veneratione
1959 2718 2347 2808 habentur,

797 2845 1052 2925 utpote
1105 2823 1353 2903 nostrae,
1409 2820 1578 2899 fidei
1647 2817 2147 2898 testimonium
2225 2818 2342 2893 ad-

799 2927 1168 3004 hibentes.
1229 2921 1464 3018 Hujus
1506 2908 1813 3021 qui-dem
1856 2917 2345 2997 confirmatio·

798 3027 913 3104 nis
967 3028 1222 3102 modus
1276 3021 1595 3120 tangitur
1652 3022 1878 3098 Hebr.
1909 3045 2020 3094 11.
2051 3046 2116 3130 3.
2164 3029 2344 3120 ‚Quae

799 3126 1072 3206 scilicet
1123 3125 1439 3201 humana
1509 3120 1690 3198 salus
1726 3175 1754 3216 ,
1807 3146 1968 3197 cum
2037 3118 2345 3196 mitium

801 3225 1172 3327 accepiffet
1202 3222 1538 3303 enarrari
1578 3240 1717 3324 per
1767 3218 2173 3300 Dominum
2199 3275 2216 3309 ,
2252 3221 2339 3296 ab

799 3327 1103 3427 eis'qui‘
1139 3324 1534 3403 audierunt
1565 3375 1592 3417 ,
1645 3321 1724 3401 in
1777 3347 1902 3397 nor
1967 3318 2340 3413 confirma-

792 3455 881 3513 ta
948 3423 1051 3528 est
1082 3481 1110 3522 ,
1170 3420 1616 3525 contestante
1682 3430 1840 3502 Deo
1892 3416 2131 3519 fignis
2164 3473 2192 3514 ,
2242 3420 2340 3496 (9⁹

790 3529 1157 3637 portentis
1205 3583 1231 3622 ,
1282 3527 1381 3604 e)-
1433 3520 1674 3601 variis
1725 3519 2050 3621 Spiritus
2085 3518 2341 3614 sanffi

798 3628 1423 3724 distributionibus
1451 3682 1469 3700 .
1527 3628 1705 3706 Haec
1739 3642 1986 3699 autem
2020 3639 2172 3697 tam
2207 3621 2343 3697 mi·

800 3723 1052 3812 rabilis
1142 3726 1400 3804 mundi
1487 3722 1859 3802 conversio
1943 3721 2034 3795 ad
2113 3718 2343 3795 fidem

799 3829 1265 3912 christianam
1319 3823 1672 3902 indicium
1722 3819 2194 3898 certissimum
2247 3816 2349 3894 est

799 3928 1331 4035 praeteritorum
1382 3923 1748 4021 signorum
1789 3971 1816 4014 ,
1866 3936 1949 3996 ut
2016 3941 2102 3994 ea
2168 3919 2348 3997 ulte-

797 4034 951 4111 rius
1001 4027 1245 4108 iterari
1296 4023 1571 4103 necess'e
1619 4046 1770 4098 non
1822 4018 1908 4096 fit
1946 4073 1973 4113 ,
2040 4043 2213 4096 cum
2262 4018 2347 4096 in

804 4134 933 4213 suo
983 4126 1248 4208 effeffiu
1290 4138 1687 4227 appareant
1732 4121 2109 4199 evidenter
2140 4176 2160 4195 .
2218 4120 2346 4199 Es-

720 4259 732 4271 ·
802 4235 911 4313 set
960 4247 1205 4310 auter-n
1255 4226 1598 4306 erunibus
1647 4221 1863 4322 fignis
1910 4220 2349 4317 mirabilius,

802 4334 857 4412 fi
911 4336 1004 4410 ad
1050 4330 1488 4411 credendum
1534 4344 1693 4403 tam
1743 4323 2004 4416 ardua,
2053 4322 2128 4397 8<
2179 4345 2348 4421 ope-

799 4435 1108 4513 randum
1155 4449 1312 4508 tam
1362 4425 1732 4520 difficilia,
1779 4424 1854 4501 8<
1902 4424 1996 4501 ad
2067 4422 2343 4522 speran-

798 4537 977 4614 dum
1032 4550 1186 4610 tam
1234 4529 1383 4607 alta
1416 4581 1442 4620 ,
1490 4527 1804 4604 amadus
1870 4522 2136 4622 absque
2206 4522 2342 4600 mi-

798 4633 1149 4713 rabilibus
1200 4626 1415 4729 fignis
1465 4625 1798 4704 indubius
1831 4621 2067 4702 fuiffet
2098 4649 2141 4700 a
2178 4622 2339 4700 fim-

799 4736 1110 4841 ptlicibus
1143 4786 1169 4828 ,
1220 4732 1295 4807 &
1345 4726 1790 4826 ignobilibus
1842 4723 2263 4811 bominibus
2314 4751 2341 4818 3

859 4833 1140 4913 uamvis
1191 4855 1343 4908 non
1391 4823 1605 4906 ceffet
1658 4828 1860 4904 Deus
1935 4825 2164 4901 etiam
2208 4847 2344 4900 no·

900 4936 961 5017 is
1023 4930 1475 5035 temporibus
1544 4926 1639 5007 ad
1708 4921 2346 5007 mnfimxationem

2232 5019 2261 5080 P
2361 5111 2364 5112 γ

2448 2213 2629 2290 scuit
2663 2267 2680 2284 .
2736 2213 2961 2308 Signa
3012 2212 3238 2289 etiam
3291 2238 3442 2289 non
3492 2216 3826 2294 adhibuit
3880 2220 3987 2297 su-

2446 2312 3000 2413 pernaturaliter
3086 2309 3276 2388 faRa
3312 2365 3339 2407 ,
3397 2314 3669 2411 quibus
3749 2317 3986 2398 solum

2445 2412 2709 2490 diviua!
2763 2410 3220 2512 inspirationi
3266 2415 3713 2502 conveniens
3793 2418 3987 2497 testi-

2447 2513 2786 2591 monium
2833 2513 3262 2605 adhibetur,
3312 2515 3488 2591 dum
3515 2518 3850 2615 operatio
3878 2522 3987 2598 vi·

2446 2613 2711 2708 fibilis,
2812 2640 2918 2692 uae
2971 2639 3123 2692 non
3173 2613 3401 2711 potest
3454 2619 3590 2694 ess'e
3661 2618 3791 2695 nisi
3878 2622 3986 2699 di-

2444 2714 2620 2793 vina
2645 2773 2671 2809 ,
2721 2742 2769 2792 o
2829 2716 3031 2792 endit
3076 2713 3457 2794 doRorem
3506 2718 3836 2798 veri-tatis
3876 2721 3984 2799 in·

2444 2813 2828 2894 visibiliter
2896 2816 3322 2915 inspiratum
3376 2843 3401 2908 3
3471 2816 3590 2896 sed
3657 2819 3842 2900 dixit
3912 2821 3987 2901 se

2449 2918 2527 2994 in
2578 2941 2952 2994 armorum
3004 2918 3329 3016 potentia
3401 2919 3693 3007 missum
3727 2973 3754 3014 ,
3823 2947 3984 3021 quae

2444 3017 2642 3115 signa
2696 3018 2919 3094 etiam
2971 3018 3372 3104 latronibus
3408 3071 3439 3113 ,
3511 3020 3584 3098 8<
3650 3025 3984 3108 wrannis

2446 3143 2596 3195 non
2665 3119 2917 3195 desunt
2968 3173 2989 3194 .
3080 3118 3175 3195 Ei
3246 3117 3470 3196 etiam
3537 3112 3710 3199 non'
3755 3123 3986 3223 aliqui

2443 3218 2791 3316 fizpientes
2844 3220 2922 3294 in
2972 3220 3184 3297 rebus
3234 3219 3562 3314 divinis,
3615 3224 3688 3299 8<
3739 3225 3829 3300 de
3881 3226 3987 3305 di·

2442 3320 2681 3415 vinis,
2728 3320 2806 3396 8<
2860 3318 3196 3402 humanis
3247 3321 3663 3417 exercitati,
3716 3349 3759 3398 a
3791 3325 3986 3423 prin·

2443 3419 2643 3517 cipio
2710 3421 3168 3499 crediderunt
3207 3449 3230 3514 3
3285 3423 3426 3499 sed·
3475 3423 3812 3500 homines
3858 3427 3986 3500 be-

2443 3518 2677 3597 stiales
2717 3522 2795 3597 in
2832 3522 3122 3598 desertis
3174 3536 3537 3597 morantes
3587 3523 3830 3598 omnis
3864 3525 3987 3599 do·

2443 3618 2694 3695 &rinae
2781 3620 3048 3695 divinae
3097 3619 3420 3720 ⁴prorsus
3494 3620 3785 3716 ignari:
3858 3647 3985 3721 per

2445 3741 2758 3815 quorum
2810 3715 3360 3794 multitudinem
3415 3717 3594 3797 alios
3615 3744 3988 3800 armorum

2447 3815 2801 3893 violentia
2830 3816 2906 3891 in
2946 3817 3145 3894 suam
3197 3818 3438 3916 legem
3488 3821 3986 3919 coegit.Nul·

2447 3916 2518 3993 la
2543 3917 2764 3994 etiam
2803 3916 3054 3995 divina
3090 3918 3378 3997 oracula
3429 3923 3987 4019 praecedent-ium

2448 4016 2969 4116 Prophetarum
3042 4020 3111 4095 ei
3177 4018 3677 4099 testimonium
3750 4023 3987 4122 perhi-

2443 4119 2674 4208 bentz
2722 4118 2905 4218 quin
2956 4119 3194 4219 potius
3243 4121 3437 4220 quali
3492 4122 3742 4201 omnia
3791 4144 3987 4202 vete-

2449 4219 2547 4297 ris
2581 4272 2610 4311 ,
2659 4220 2732 4296 8<
2781 4220 2962 4297 novi
3016 4219 3424 4299 testamenti
3474 4224 3989 4321 documenta,

2445 4317 2770 4399 fabulosa
2821 4321 3230 4400 narratione
3274 4324 3624 4421 depravat
3657 4380 3683 4419 ,
3737 4346 3818 4405 ut
3868 4353 3990 4428 pa-

2443 4438 2551 4500 tet
2601 4420 2753 4516 eius
2804 4420 3047 4520 legem
3102 4422 3574 4523 inspicienti,
3648 4430 3837 4507 unde
3908 4454 3991 4505 a·

2442 4519 2631 4599 stuto
2679 4522 2981 4601 consilio
3030 4522 3254 4602 libros
3303 4526 3568 4605 veteris
3606 4581 3633 4623 ,
3682 4530 3754 4606 8<
3805 4527 3993 4607 novi

2442 4620 2851 4700 testamenti
2906 4622 3047 4702 suis
3111 4623 3534 4724 sequacibus
3604 4654 3754 4706 non
3821 4628 3987 4704 reli-

2441 4723 2604 4822 quit
2667 4722 3011 4821 legendos
3044 4781 3074 4824 ,
3143 4750 3240 4802 ne
3312 4749 3441 4827 per
3491 4753 3613 4806 eos
3664 4727 3990 4806 falsitatis

2444 4846 2622 4938 argu
2683 4841 2684 4844 ‘
2739 4911 2754 4922 ‚f
2871 4880 2899 4900 2.
2937 4826 3034 4902 Et
3085 4824 3179 4905 fic
3231 4845 3430 4927 patet
3479 4830 3674 4926 quod
3711 4828 3860 4924 ejus
3879 4828 3987 4905 di-

2443 4921 2586 5007 fihs
2609 4840 2870 5042 Q
2884 4926 3308 5013 adhibentes
3324 4928 3629 5028 ‚leviter
3662 4931 3984 5032 credunt.

2547 5035 2672 5138 2,
2989 5023 3032 5074 *Ψ
3127 5117 3132 5124 .
3167 5045 3228 5180 4
3341 5107 3344 5108 f
3796 5030 3995 5130 ‚CA-

3085 5179 3174 5216 ΗΓ

3025 5287 3030 5290 ᾗ
3079 5211 3202 5302 ’ζέθ
