4597 5696
715 421 797 484 ‘a

724 622 1026 720 cognito
1067 625 1290 717 Deo.
1341 623 1415 700 8<
1468 624 1813 703 omni-bus
1857 622 2088 702 causis
2133 650 2280 701 me·

639 810 645 817 ,
724 725 862 803 diis
914 747 1072 821 quae
1128 722 1290 800 sunt
1341 724 1532 800 inter
1557 731 1803 805 Deum
1858 743 1931 801 et
1953 750 2103 801 res.
2141 727 2280 804 Sed

719 829 926 904 Deus
978 825 1047 900 se
1100 823 1336 923 ipsum
1386 827 1760 924 cognoscit
1787 880 1814 918 .,
1885 845 1958 904 et
2022 836 2278 905 omnes

723 926 968 1005 causas
1022 926 1294 1008 medias
1363 951 1520 1025 quae
1591 928 1753 1006 sunt
1808 927 1995 1004 inter
2047 927 2284 1027 ipsum

725 1047 804 1108 et
873 1052 1030 1106 rem
1098 1027 1505 1125 quamlibet
1542 1087 1561 1105 .
1640 1029 1866 1128 Quod
1938 1029 2138 1105 enim
2213 1029 2282 1106 se

723 1130 962 1229 ipsum
1015 1128 1329 1228 perfecte
1381 1131 1820 1228 cognoscat,-
1871 1128 2019 1222 jam
2063 1128 2319 1206 ostem.

725 1232 887 1310 sum
937 1228 1038 1307 est
1090 1231 1300 1328 (cap.
1354 1230 1657 1325 xlv11.)
1714 1228 1783 1306 se
1839 1228 1992 1328 ipso
2043 1248 2291 1308 autem

727 1332 1078 1431 cognit0,
1127 1326 1503 1428 cognoscit
1557 1331 1762 1428 quod
1813 1332 1905 1406 ab
1959 1330 2113 1430 ipso
2156 1333 2289 1410 im·

664 1495 673 1504 .
731 1432 1057 1512 mediate
1111 1429 1260 1507 est:
1316 1453 1467 1528 quo
1519 1431 1866 1529 cognite,
1917 1432 2292 1530 cognoscit

728 1534 1012 1631 iterum
1055 1531 1250 1630 quod
1299 1533 1391 1609 ab
1446 1532 1579 1609 illo
1633 1531 1947 1610 mediate
1999 1533 2098 1609 est
2135 1588 2160 1626 ‚
2214 1554 2288 1611 et

730 1634 829 1713 fic
879 1636 970 1712 de
1021 1628 1364 1710 omnibus
1454 1629 1675 1711 causis
1749 1634 2011 1711 mediis
2065 1635 2286 1733 usque

725 1738 820 1815 ad
869 1733 1218 1813 ultimum
1269 1731 1662 1812 effefflum.
1708 1735 1909 1833 Ergo
1938 1737 2283 1814 Deusco-

728 1836 1011 1938 gnoscit
1061 1835 1408 1934 quicquid
1429 1833 1632 1915 estin
1666 1858 1787 1912 re.
1846 1838 2014 1914 Hoc
2035 1854 2282 1914 autem

726 1937 831 2017 est
881 1937 1144 2014 habere
1196 1938 1565 2036 propriam
1609 1989 1636 2029 ‚
1716 1953 1791 2013 et
1840 1938 2284 2036 completam

725 2038 1232 2138 cognitionem
1283 2038 1370 2113 de
1424 2062 1506 2112 re
1552 2089 1579 2127 .,
1645 2037 2076 2134 cognoscere
2158 2039 2284 2117 sci-

729 2140 908 2216 licet
956 2137 1208 2213 omnia
1257 2160 1416 2231 quae
1469 2136 1552 2210 in
1602 2160 1679 2211 re
1730 2137 1930 2229 sunt,
1989 2154 2064 2214 et
2089 2162 2285 2214 com-

732 2236 1041 2330 munia,
1091 2252 1185 2312 et.
1216 2231 1506 2333 propria
1538 2288 1556 2309 .
1631 2238 1830 2312 Deus
1898 2255 2075 2333 ergo
2127 2260 2285 2334 pro·

730 2337 970 2439 priam
1022 2338 1111 2412 de
1163 2335 1376 2411 rebus
1427 2333 1648 2412 habet
1697 2335 2208 2433 cognitionem
2254 2389 2281 2429 ‚

736 2439 1127 2539 secundum
1180 2436 1378 2543 quocl
1429 2433 1591 2513 sunt
1639 2438 1733 2547 ab
1786 2435 2108 2543 invicem
2178 2436 2282 2515 di-

729 2536 1003 2637 stinstae
1041 2595 1061 2616 .
1214 2632 1222 2640 ¹
1489 2542 1516 2547 ”
1627 2636 1628 2641 Ν
1684 2614 1688 2618 ,
1864 2592 1874 2600 ι

845 2654 912 2719 2'.
968 2637 1234 2718 Adhuc
1271 2644 1324 2713 .'
1363 2639 1616 2716 Omne
1683 2640 1886 2740 quod
1947 2637 2103 2738 agit
2159 2662 2288 2739 per

735 2734 1258 2836 intellectum‚'
1321 2739 1542 2818 habet
1608 2740 2111 2840 cognitionem
2196 2742 2287 2818 de

613 2877 624 2886 ·
736 2869 817 2919 re
870 2867 1091 2941 quam
1158 2840 1315 2939 agit
1365 2895 1392 2936 ‚
1460 2840 1847 2920 secundum
1919 2864 2052 2941 pro
2101 2840 2287 2919 riam

734 2939 914 3020 faffl
966 2942 1367 3018 rationem:
1397 2942 1593 3038 ‚quia
1646 2944 1976 3041 cognitio
2056 2943 2288 3021 acien-

737 3042 834 3120 tis
888 3038 1686 3119 determinat.formam
1757 3040 1951 3119 facio
1998 3096 2015 3114 .
2089 3047 2288 3122 Deus

739 3157 986 3222 autem
1011 3140 1219 3218 causa
1248 3138 1347 3218 est
1374 3165 1619 3218 rerum
1669 3169 1797 3242 per
1818 3140 2298 3239 intellectum,

736 3267 969 3344 quum
1026 3242 1231 3317 suum
1285 3242 1422 3318 efl'e
1476 3242 1559 3320 fit
1613 3244 1817 3320 suum
1862 3237 2293 3342 intelligere:

738 3343 1320 3442 unumquodque
1370 3360 1617 3420 autem
1668 3346 1823 3442 agit
1857 3343 2294 3443 inquantum

736 3443 837 3524 est
890 3442 1057 3523 affin
1099 3499 1116 3517 .
1190 3443 1584 3541 Cognoscit
1650 3445 1875 3542 igitur
1926 3443 2295 3529 causatum

743 3546 960 3624 suum
1013 3543 1341 3643 proprie,
1396 3543 1786 3622 secundum
1813 3547 2009 3647 quod
2058 3546 2162 3625 est
2183 3546 2307 3624 dia

736 3643 1080 3725 stinfflum
1133 3645 1225 3719 ab
1269 3642 1475 3720 aliis.
1635 3703 1640 3708 .
1831 3689 1832 3692 ¹

739 3771 780 3796 -‘
853 3771 917 3844 3.
971 3741 1351 3840 Amplius,
1383 3747 1687 3822 ..Rerum
1736 3741 2107 3823 distinctio
2136 3770 2288 3823 non

732 3860 990 3947 -potest
1029 3844 1177 3919 effe
1229 3843 1434 3919 casu:
1477 3844 1700 3922 habet
1730 3846 1928 3921 enim
1959 3844 2290 3922 ordinem

743 3962 1023 4026 certum
1061 3999 1080 4020 .
1156 3944 1471 4041 Oportet
1539 3944 1761 4043 igitur
1834 3970 1921 4021 ex
1989 3942 2313 4040 alicujus·

735 4046 966 4127 causae
1021 4042 1427 4123 intentione
1479 4042 2022 4124 distinctionem
2074 4046 2152 4122 in
2186 4070 2288 4122 re-

733 4149 876 4226 bus
928 4147 1065 4223 effe
1109 4203 1128 4222 .
1206 4147 1389 4223 Non
1440 4162 1685 4223 autem
1739 4171 1828 4240 ex
1882 4146 2288 4225 intentione

726 4245 1045 4342 alicujus
1096 4246 1317 4326 causat
1371 4271 1497 4360 per
1546 4246 2036 4325 necessitatem
2087 4265 2287 4326 natu-

729 4372 842 4442 .rae
893 4348 1215 4446 agentis,
1266 4371 1438 4445 quia
1466 4363 1719 4426 natura
1771 4348 2293 4427 determinatur

727 4451 843 4529 uad
892 4473 1164 4534 unum3
1217 4463 1292 4523 et
1341 4444 1436 4525 sic
1484 4450 1755 4527 nullius
1820 4449 1925 4525 rei
1994 4472 2123 4548 per
2172 4474 2292 4525 na·

727 4567 926 4646 fiturae
979 4541 1467 4633 necessitatem
1497 4550 1778 4648 agentis
1814 4549 2130 4627 intentio
2172 4574 2317 4648 por

705 4652 884 4742 ftest
936 4652 1072 4728 esse
1126 4648 1217 4726 ad
1247 4644 1527 4742 multa,
1579 4650 2015 4750 inquantum
2051 4646 2295 4727 distin-

719 4769 870 4832 -cta
921 4751 1116 4828 sunt.
1171 4749 1423 4827 Restat
1473 4772 1647 4846 ergo
1698 4751 1894 4848 quod
1913 4748 2297 4833 ,distinelio

708 4854 830 4935 “in
881 4853 1092 4930 rebus
1143 4848 1479 4950 provenit
1501 4929 1506 4933 ,
1528 4873 1619 4927 ex
1691 4849 2097 4930 intentione
2165 4849 2294 4927 ali·

647 5027 656 5034 .
744 4953 953 5056 cujus
1002 4953 1224 5035 causae
1258 4948 1757 5054 cognoscentis
1775 5003 1793 5027 .
1850 4949 2159 5032 Videtur
2176 4974 2295 5038 au·

1366 411 1500 498 DE
1563 413 2135 483 Vnam-arf:
2193 415 2914 483 cATHochAss
2975 414 3329 481 ι-ἯΠΞΓΙ

594 616 600 623 ,
725 519 824 600 est
879 520 957 598 in
1009 515 1466 619 quacumque
1520 546 1639 617 re,
1692 520 1918 621 potest
1943 521 2282 619 cognosci

2390 545 2542 605 tem
2596 526 3003 607 intellectus
3057 529 3433 629 proprium
3455 529 3591 608 esse
3619 582 3645 624 ,
3698 540 3943 607 rerum

2388 627 2935 707 distinctionem
3004 630 3446 710 considerare
3499 659 3516 708 ε
3606 629 3941 710 undeet

2384 733 2645 808 Anaxa
2698 756 2854 808 oras
2924 730 3406 811 distinctionis
3492 730 3938 836 principium

2383 830 2635 907 intelle
2712 858 2855 913 um,
2891 832 3083 910 dixit
3161 833 3186 927 (
3241 831 3592 911 referente
3671 830 3940 911 Aristo·

2388 932 2531 1008 tele
2587 935 2804 1010 VIII.
2860 931 3067 1032 Phys.
3123 948 3296 1011 text.
3351 934 3565 1011 lxxv1
3586 932 3706 1028 1.)
3758 930 3948 1009 Uni-

2386 1031 2683 1110 versalis
2733 1048 2979 1109 autem
3049 1057 3294 1109 rerum
3366 1028 3736 1111 distinetio
3788 1056 3944 1109 non

2392 1133 2625 1232 potest
2677 1133 2823 1211 esse
2875 1156 2964 1209 ex
3016 1132 3424 1213 intentione
3460 1131 3761 1227 alicujus
3786 1159 3947 1212 cau·

2395 1236 2632 1312 sarum
2686 1234 3152 1313 secundarum
3194 1263 3209 1306 :
3288 1234 3461 1333 quia
3511 1258 3767 1311 omnes
3820 1233 3947 1312 hu·

2396 1334 2728 1435 jusmodi
2770 1334 2993 1412 causat
3058 1336 3229 1433 &sunt
3307 1336 3397 1410 de
3430 1344 3439 1349 ’
3469 1334 3941 1413 universitate

2394 1437 2846 1514 causatorum
2886 1435 3444 1512 distinctorum.
3525 1434 3654 1511 Est
3719 1434 3949 1532 igitur

2392 1539 2643 1638 primae
2695 1536 2965 1629 causae,
3000 1542 3005 1573 ⁵
3036 1562 3193 1633 quae
3263 1560 3389 1634 per
3446 1533 3516 1610 se
3568 1534 3798 1632 ipsam
3849 1538 3985 1614 ab'

2389 1639 2736 1716 omnibus
2787 1636 2967 1712 aliis⁴
2999 1636 3508 1735 distinguitur,
3561 1634 3941 1715 intendere

2388 1737 2934 1817 distinctionem
2985 1738 3324 1814 omnium
3379 1760 3621 1813 rerum
3660 1790 3679 1812 .
3736 1740 3939 1817 Deus

2386 1840 2612 1941 igitur
2664 1838 3039 1938 cognoscit
3092 1863 3200 1917 res
3251 1855 3334 1915 ut
3383 1830 3795 1916 distincias.

2446 1969 2563 2038 *4
2621 1943 2876 2017 Item.‘
2910 1940 3288 2038 Quicquid
3340 1942 3542 2017 Deus
3579 1938 3951 2036 cognoscit

2389 2039 2897 2142 perfeffiffime
2948 2039 3375 2137 cognoscit:
3447 2058 3554 2116 est
3605 2038 3812 2115 enim
3866 2041 3973 2118 in:

2388 2170 2480 2219 eo
2531 2142 2775 2218 omnis
2828 2138 3179 2237 perseffio
3231 2138 3408 2214 ficut
3471 2137 3550 2212 in
3606 2136 3946 2235 simplici-

2388 2259 2497 2319 ter
2548 2238 2912 2340 perfeeto,
2962 2255 3046 2315 ut
3096 2237 3300 2336 supra
3339 2236 3538 2335 (cap.
3590 2239 3967 2334 xxv111.)-

2384 2340 2749 2418 ostensum
2802 2337 2943 2416 est.
3000 2338 3224 2434 Quod
3274 2353 3519 2422 autem
3574 2336 3945 2436 cognosci-

2385 2459 2503 2519 tur
2555 2441 2635 2517 in
2705 2436 3091 2519 communi
3141 2452 3431 2514 tanturn
3464 2489 3490 2528 ‚
3565 2462 3712 2514 non
3783 2462 3955 2536 perf

2388 2541 2574 2621 secte
2639 2538 3150 2640 cognoscitur:
3223 2536 3651 2635 ignorantur
3739 2538 3945 2616 enim

2388 2669 2475 2721 ea
2526 2667 2683 2743 quae
2726 2641 2899 2719 sunt
2949 2635 3304 2743 praecipua
3355 2636 3552 2715 illius
3608 2637 3760 2734 rei,
3814 2639 3946 2715 sci·

2391 2745 2565 2822 licet
2612 2741 2887 2821 ultimae
2908 2735 3450 2841 praefeffiones,
3500 2738 3763 2838 quibus
3790 2763 3961 2837 per-2

2393 2844 2635 2925 ficitur
2683 2841 3059 2944 proprium
3111 2841 3251 2918 effe
3300 2836 3453 2937 ejus
3493 2867 3511 2916 ε
3566 2840 3756 2918 unde
3809 2836 3941 2918 tali

2390 2946 2820 3046 cogni-tione
2871 2942 3108 3040 magis
3174 2939 3639 3040 cognoscitur
3691 2964 3803 3017 res
3854 2941 3951 3018 in.

2389 3046 2717 3148 potentia
2744 3062 2971 3143 quam
2997 3042 3076 3119 in
3097 3040 3303 3128 aelu.
3358 3041 3435 3120 Si
3488 3039 3715 3137 igitur
3743 3045 3949 3121 Deus

2398 3144 2899 3246 cognoscendo
2948 3141 3325 3242 essentiam
3381 3141 3580 3218 suam
3603 3195 3630 3236 ,
3680 3166 3950 3240 cogno·

2397 3248 2529 3327 scit
2552 3243 2911 3324 omniain
2922 3240 3310 3322 universali
3327 3285 3354 3335 ‚
3405 3258 3696 3340 oportet
3724 3243 3951 3322 etiarn

2394 3348 2592 3529 quod
2658 3343 3029 3445 propriam
3097 3342 3362 3421 habeat
3437 3341 3947 3441 cognitionem

2444 3474 2485 3528 e
2535 3448 2746 3525 rebus
2805 3499 2827 3522 ο
3300 3485 3303 3488 ’
3488 3505 3495 3508 -
3606 3493 3611 3500 ·
3846 3517 3849 3520 .
3911 3481 3943 3520 “)

2500 3575 2560 3644 ς.
2617 3548 2880 3625 Adhuc
2912 3598 2933 3621 .
3021 3541 3493 3642 Quicumque
3570 3538 3947 3638 cognoscit

2387 3665 2723 3728 naturam
2774 3647 3098 3744 aliquam
3130 3695 3158 3736 ‚
3233 3637 3608 3737 cognoscit
3657 3715 3660 3720 ,
3682 3662 3810 3736 per
3863 3639 3936 3720 se

2390 3746 2793 3826 accidentia
2842 3744 3041 3820 illius
3094 3757 3362 3817 naturae
3404 3794 3422 3812 .
3518 3741 3653 3815 Per
3700 3738 3774 3815 se
3826 3765 3954 3819 au·

2390 3864 2547 3925 >tem
2600 3842 2999 3921 accidentia
3051 3840 3238 3918 entis
3272 3892 3296 3929 ‚
3351 3838 3790 3935 inquantum
3842 3840 3953 3918 est

2390 3972 2560 4040 ens,
2612 3943 2774 4021 sunt
2825 3966 3057 4019 unum
3089 3991 3114 4032 ‚
3167 3957 3241 4015 et
3292 3937 3567 4036 multa,
3636 3946 3717 4016 ut
3787 3965 3946 4039 pro·

2384 4048 2603 4125 ‘batur
2653 4045 2734 4122 in
2789 4047 2923 4122 IV.
2979 4037 3313 4140 Metaph.
3364 4040 3393 4136 (
3445 4057 3618 4118 text.
3654 4063 3939 4129 comm·

2402 4174 2562 4227 111.
2616 4163 2691 4224 et
2752 4170 2863 4221 ιν.
2915 4143 2942 4239 )
3011 4147 3211 4222 Deus
3282 4139 3503 4238 igitur
3555 4140 3616 4218 si
3672 4166 3948 4241 cogno·

2392 4247 2655 4327 scendo
2705 4243 3124 4334 essentiam,
3173 4241 3328 4319 sive
3381 4262 3756 4337 naturam,
3828 4266 3949 4322 co·

2394 4347 2676 4449 gnoscit
2729 4350 2808 4425 in
2864 4341 3247 4422 universali
3299 4359 3632 4419 naturam
3679 4344 3866 4423 entis
3898 4385 3948 4442 Ἰ,

2392 4447 2720 4548 sequitur·
2742 4446 2937 4546 quod
2954 4443 3344 4540 cognoscat
3376 4442 3945 4548 multitudinem.

2398 4549 2813 4627 Multitudo
2900 4561 3147 4622 autem
3232 4544 3390 4622 sine
3480 4543 3955 4624 distine'tione‘

2398 4647 2715 4746 intelligi
2767 4671 2920 4727 non
2968 4642 3245 4744 potest.
3306 4642 3663 4742 Intelligit
3719 4644 3945 4741 igitur

2368 4774 2507 4828 res
2559 4763 2772 4848 prout
2820 4748 2981 4824 sunt
3032 4745 3124 4821 ab
3177 4744 3503 4826 invicem
3546 4742 3940 4822 distinaae.

2494 4854 2567 4930 6.
2625 4847 2996 4947 Amplius.
3051 4846 3520 4945 Quicumque
3571 4843 3945 4940 cognoscit

2393 4947 2711 5054 perfecie
2778 4949 3104 5048 aliquam
3169 4961 3506 5028 naturam
3578 4937 3942 5118 univelresa-
