4597 5696
1304 407 1892 473 CONTRA
1976 405 3059 476 GENTILES‘LIB.
3145 407 3205 471 1.
3793 419 3899 493 σς·

661 496 812 579 lem
857 554 884 598 ‚
951 502 1324 604 cognoscit
1397 503 1700 583 modum
1751 529 1901 604 quo
1951 521 2206 620 natura

659 600 785 680 illa
840 607 1074 704 potest
1123 604 1416 694 haberi3
1446 604 1634 680 sicut
1677 605 1806 701 qui
1834 606 2206 721 cognoscit

651 703 1068 783 albedinem
1099 759 1125 800 ‚
1194 705 1327 781 scit
1389 704 1586 802 quod
1653 705 1912 805 recipit
1962 731 2198 806 magis

654 817 730 880 et
781 806 1064 885 minus.
1119 806 1256 883 Sed
1308 828 1396 881 ex
1446 803 1726 881 diverso
1778 806 2002 891 modo
2051 807 2196 885 exi-

652 902 883 983 stendi
936 904 1467 985 constituuntur
1485 904 1747 983 diversi
1801 908 2060 1015 gradus
2076 934 2197 997 en-

650 1004 874 1082 tium.
932 1007 1006 1083 Si
1061 1006 1285 1104 igitur
1338 1010 1537 1082 Deus
1571 1011 2070 1105 cognoscendo
2099 1010 2195 1105 seg

649 1106 1020 1204 cognoscit
1070 1122 1401 1183 naturam
1453 1106 1934 1185 universalem
1989 1112 2204 1206 entis,

648 1229 798 1282 non
851 1224 1095 1284 autern
1148 1208 1255 1284 im
1308 1204 1570 1284 erse&
1611 1262 1637 1303 ,
1705 1208 1879 1309 quia
1947 1211 2041 1287 ab
2112 1237 2204 1289 eo

646 1306 888 1385 omnis
939 1306 1245 1408 imperfe
1323 1308 1400 1384 io
1448 1306 1671 1408 longe
1722 1308 1822 1388 est
1866 1365 1892 1406 ,
1961 1326 2060 1391 ut,
2098 1312 2204 1391 su·

650 1430 779 1503 pra
830 1407 857 1501 (
910 1435 1061 1509 cap.
1110 1435 1432 1487 xxvu1.
1486 1408 1514 1504 )
1584 1410 1976 1510 probatum
2052 1413 2203 1504 est3

651 1524 939 1603 oportet
987 1513 1182 1608 quod
1219 1508 1606 1608 cognoscat
1632 1536 1888 1589 omnes
1939 1516 2200 1611 gradus

649 1608 1072 1701 entium&
1131 1609 1224 1687 fic
1276 1611 1364 1687 de
1392 1611 1603 1687 rebus
1655 1611 1817 1689 aliis
1871 1613 2198 1711 ase,ha·

652 1706 855 1783 bebit
908 1711 1273 1807 propriam
1324 1709 1864 1806 cognitionem.
2142 1812 2157 1827 ο

751 1834 820 1904 7.
874 1812 1262 1886 Praeterea.
1324 1809 1795 1907 Quicumque
1824 1811 2199 1909 cognosc1t

648 1905 966 2004 perfefie
1068 1909 1345 2008 aliquid
1382 1961 1409 2002 ,
1435 2000 1448 2011 ο
1477 1908 1851 2006 cognoscit
1946 1913 2198 1988 omnia

700 2033 803 2084 uae
858 2009 1022 2087 sunt
1073 2010 1153 2085 in
1205 2009 1341 2085 illo
1392 2061 1410 2082 .
1482 2009 1623 2087 Sed
1677 2013 1874 2088 Deus
1926 2034 2195 2110 cogno·

646 2032 785 2184 scit
838 2109 908 2184 se
960 2109 1192 2206 ipsum
1244 2105 1561 2205 perfeste
1603 2162 1622 2182 .
1680 2111 1884 2207 Ergo
1934 2136 2203 2208 cogno·

649 2203 784 2283 scit
860 2207 1114 2283 omnia
1181 2231 1341 2304 quae
1410 2204 1571 2283 sunt
1621 2207 1702 2282 in
1754 2209 1910 2306 ipso
1963 2210 2202 2288 secun-

642 2303 821 2381 dum
873 2306 1278 2403 potentiam
1329 2300 1651 2384 afflvam
1678 2362 1697 2381 .
1752 2308 1891 2385 Sed
1942 2312 2196 2386 omnia

644 2401 1035 2483 secundum
1064 2406 1388 2506 proprias
1426 2401 1702 2483 formas
1733 2407 1906 2486 sunt
1936 2409 2016 2486 in
2041 2410 2198 2510 ipso

644 2502 1036 2583 secundum
1090 2506 1496 2605 potentiam
1547 2506 1922 2604 af'tivam,
1967 2535 2197 2611 quum

639 2601 793 2719 ipse
850 2605 933 2686 sit
988 2607 1230 2685 omnis
1268 2608 1454 2686 entis
1496 2607 1982 2708 principium.
2040 2612 2199 2726 lpse

492 2719 502 2726 ·
643 2705 873 2803 lgitur
944 2708 1165 2785 habet
1246 2709 1752 2807 cognitionem
1825 2732 2196 2812 propriam

639 2802 731 2883 de
782 2810 1131 2886 omnibus
1182 2810 1435 2890 rebus.

749 2911 813 2980 8.
870 2911 1166 2987 Adhuc.
1210 2912 1682 3013 Quicumque
1706 2914 1839 2995 scit
1862 2915 2187 3018 aliquam

641 3020 1026 3100 naturam,
1082 3010 1211 3087 scit
1243 3037 1337 3089 an
1392 3013 1518 3091 illa
1550 3033 1801 3095 natura
1856 3019 1942 3096 fit
1990 3041 2188 3096 com-

637 3106 1160 3185 municabilis:
1216 3136 1364 3188 non
1417 3115 1617 3192 enim
1669 3119 2008 3198 animalis
2060 3141 2180 3195 na·

638 3216 881 3281 turam
959 3207 1168 3285 sciret
1232 3210 1546 3308 perse-ste
1589 3268 1615 3309 ,
1695 3219 1823 3315 qui
1875 3219 2181 3298 nesciret

635 3302 848 3380 illam
902 3305 1222 3404 pluribus
1274 3313 1971 3394 communicabilem
2023 3320 2181 3396 esse.

638 3403 918 3480 Divina
968 3424 1215 3483 autem
1265 3426 1519 3486 natura
1545 3418 2186 3496 communicabilis

581 3523 593 3536 ·
635 3501 740 3580 est'
788 3528 916 3603 per
945 3505 1532 3588 similitudinem.
1587 3514 1740 3591 Scit
1768 3539 1945 3613 ergo
1983 3521 2182 3595 Deus

632 3605 1104 3701 quoem‘odis
1172 3606 1324 3705 ejus
1376 3613 1683 3690 efl'entiae
1752 3614 2034 3716 aliquid
2104 3616 2187 3693 fi-

632 3702 816 3779 mile
882 3707 1022 3782 effe
1089 3708 1314 3805 potest
1344 3765 1362 3784 .
1447 3714 1586 3792 Sed
1652 3738 1742 3793 ex
1814 3716 1956 3796 hoc
2026 3720 2190 3796 sunt

639 3802 1091 3904 diversitates
1121 3805 1536 3889 ‘formarum
1558 3867 1584 3909 ,
1630 3816 1802 3914 quia
1854 3818 2187 3895 divinam

635 3903 1024 4006 ess'entian’j‘
1039 3911 1172 3986 'res
1195 3910 1699 3993 diversimode
1754 3917 2135 3999 imitantur
2160 3949 2179 3998 ε

925 4083 928 4086 ,
973 4001 1001 4088 ’ζ’
1087 4004 1342 4104 sophus
1407 4011 1723 4092 formam
1774 4023 2181 4099 naturalem

627 4099 992 4183 di'v'iniim'
1013 4109 1378 4202 quoddam
1434 4116 1772 4193 nominat
1820 4119 1926 4213 (I.
1963 4123 2175 4223 Phys.

629 4212 803 4277 text.
856 4228 1043 4279 com.
1098 4230 1165 4281 x.
1216 4205 1244 4302 )
1300 4213 1499 4288 Deus
1550 4213 1776 4311 igitur
1825 4219 1913 4294 de
1964 4223 2178 4302 rebus

623 4296 853 4472 lsrabet
886 4302 1387 4401 cognitionem
1408 4311 1799 4392 secundum
1850 4323 2177 4423 proprias

663 4421 900 4477 ormas
934 4455 954 4477 .
993 4461 1002 4464 ι

663 4501 803 4595 *⁴³⁷9-
857 4503 1200 4580 Praeterea
1243 4563 1263 4585 .
1335 4512 1555 4610 Apud
1633 4513 1972 4598 homines
1998 4575 2025 4615 ‚
2100 4523 2175 4602 8<

626 4593 811 4675 alios
878 4602 1386 4697 cognoscentes
1469 4613 1772 4693 habetur
1842 4620 2176 4719 cognitio

625 4697 718 4772 de
739 4699 950 4776 rebus
1000 4720 1215 4799 prout
1265 4707 1343 4783 in
1390 4709 1511 4786 sua
1562 4717 2030 4798 multitudine
2080 4727 2175 4801 ab

626 4794 956 4902 invicem
1005 4801 1164 4881 sunt
1183 4804 1567 4886 distine’tae.
1623 4817 1698 4891 Si
1729 4817 1953 4913 igitur
1978 4826 2178 4903 Deus

625 4915 741 4975 res
793 4898 871 4975 in
900 4900 1018 4977 sua
1068 4903 1528 4986 distinfflone
1585 4937 1737 4993 non
1777 4924 2176 5025 cognoscit,

728 5001 1687 5092 S.Th.Contr.Gent.Tom.I.

2312 507 2645 607 sequetur
2721 533 2891 586 eum
2944 507 3608 608 insipientissimum
3683 529 3869 625 esse,

2312 609 2701 687 secundum
2754 610 2918 687 illos
2991 610 3123 709 qui
3193 619 3564 711 ponebant
3618 622 3863 709 Deu‘m

2303 735 2456 788 non
2508 712 2940 810 cognoscere
2990 711 3280 808 lucem,
3332 742 3554 816 quam
3607 752 3863 810 omnes

2300 811 2801 909 cognoscunt:
2858 815 3057 913 quod
3126 840 3260 914 pro
3312 817 3867 910 inconvenienti

2298 912 2519 991 habet
2592 913 3066 1015 Philosophus
3151 916 3228 993 in
3324 925 3374 997 I.
3421 925 3511 1001 de
3590 931 3872 1027 Anima

2296 1011 2327 1109 (
2380 1029 2550 1091 text.
2602 1039 2794 1091 com.
2848 1014 3040 1093 lxxx.
3085 1016 3113 1113 )
3163 1017 3238 1094 8<
3291 1019 3370 1097 in
3424 1028 3562 1104 III.
3617 1033 3864 1111 Meta.

2304 1114 2509 1216 phys.
2564 1114 2813 1210 (com.
2866 1119 3041 1212 xv.)

2413 1219 2579 1293 Hoc
2653 1216 2878 1294 etiam
2963 1216 3395 1323 auftoritate
3479 1227 3904 1329 Scripturae'

2304 1316 2670 1393 canonicae
2727 1319 3168 1398 edocemur:
3223 1324 3495 1404 dicitur
3546 1354 3870 1433 namque

2302 1418 2669 1496 Geneseos
2732 1444 2792 1495 1.
2880 1445 2997 1519 31.
3080 1422 3293 1503 Vidit
3342 1435 3548 1507 Deus
3600 1434 3860 1513 cunHa

2302 1545 2457 1616 quae
2496 1515 2782 1614 fecerat
2828 1576 2855 1615 .,
2906 1522 3007 1598 (θ’
3057 1549 3272 1602 erant
3345 1528 3583 1608 valde
3629 1535 3852 1615 bona:

2298 1621 2373 1698 8<
2424 1620 2515 1697 ad
2570 1621 2920 1699 Hebraeos
2985 1650 3095 1698 1v.
3151 1652 3261 1725 13.
3316 1637 3485 1703 Non
3538 1628 3642 1729 est
3693 1636 3854 1714 ulla
3917 1662 3925 1671 ·

2300 1742 2633 1797 creatura
2670 1718 3067 1820 invisibilis
3124 1723 3204 1799 in
3226 1725 3599 1826 conspeflu
3651 1733 3855 1834 eju„

2300 1818 2545 1895 omnia
2625 1843 2870 1898 autem
2939 1821 3140 1898 nuda
3203 1822 3300 1900 (Ὺ
3375 1845 3632 1924 aperta
3664 1832 3855 1928 sunt

2300 1918 2523 1997 oculis
2576 1917 2770 2021 ejus.
3848 1956 3853 1961 ·

2625 2032 2679 2093 C
2764 2032 2825 2094 A
2912 2031 2960 2095 Ρ
3044 2041 3104 2102 U
3189 2045 3250 2104 T
3415 2051 3529 2113 LI.

2346 2115 2613 2174 Rationes
2653 2110 2730 2170 ad
2769 2114 3160 2193 inquirendum
3176 2168 3195 2198 ,
3229 2127 3473 2203 qualiter
3509 2133 3810 2196 multitudo
3845 2178 3852 2191 ‚
3914 2204 3919 2207 Α

2432 2198 2435 2199 ’
2463 2188 2860 2252 intelleHorum
2893 2192 2970 2270 fit
3025 2199 3087 2257 in
3127 2203 3410 2267 intelleHu
3450 2208 3655 2277 divino
3674 2252 3691 2271 .

2298 2310 2572 2496 SED
2625 2335 2719 2390 ne
2756 2311 3154 2398 multitudo
3205 2321 3746 2411 intellessorum
3772 2334 3850 2414 in

2477 2410 2933 2492 intellectum
3001 2418 3339 2503 divinum
3389 2434 3854 2531 compofitio-

2298 2532 2473 2587 nem
2525 2511 2819 2592 inducat
2864 2569 2891 2610 ,
2944 2516 3479 2623 investigandus
3547 2531 3648 2608 est
3682 2560 3856 2614 mo·

2300 2614 2430 2690 dus
2483 2637 2634 2710 quo
2686 2613 2814 2691 ista
2864 2615 3234 2700 intelleeffa
3286 2626 3450 2707 sunt
3499 2633 3774 2711 multa.

2416 2738 2472 2787 1.
2530 2714 2712 2792 Non
2763 2733 3008 2795 autem
3078 2721 3231 2801 haec
3295 2727 3691 2811 multitudo
3755 2733 3855 2816 lie

2306 2812 2624 2911 intelligi
2676 2815 2905 2915 potest
2944 2872 2971 2913 ‚
3035 2821 3232 2921 quali
3287 2827 3519 2907 multa
3572 2831 3856 2915 intelle-

2287 2913 2405 2993 &a
2459 2915 2774 2997 habeant
2823 2921 2962 2996 esse
3015 2922 3436 3006 distinstum
3488 2929 3570 3008 in
3623 2937 3840 3014 Deo':

2288 3015 2419 3097 ista
2470 3016 2673 3093 enim
2724 3017 3092 3101 intelleSta
3169 3045 3297 3107 aut
3344 3030 3570 3108 essent
3645 3034 3844 3115 idem

2281 3118 2479 3217 quod
2579 3118 2873 3197 essentia
2974 3123 3279 3223 divina,
3382 3131 3459 3209 8<
3559 3131 3655 3212 fic
3718 3138 3843 3228 ,in

2280 3217 2575 3297 essentia
2627 3219 2774 3298 Dei
2893 3242 3231 3304 oneretur
3278 3228 3541 3331 galiqua
3591 3234 3845 3318 multi-

2282 3321 2506 3413 tudo,
2554 3321 2752 3420 quod
2836 3348 3011 3421 upra
3061 3325 3278 3427 (cap.
3330 3334 3601 3430 xxx1.)
3650 3340 3844 3417 mul-

2282 3418 2633 3516 tipliciter
2683 3419 2784 3497 est
2835 3444 3255 3520 remotum3
3305 3451 3431 3511 aut
3480 3438 3703 3514 essent
3731 3440 3842 3518 su·

2286 3519 2653 3616 peraddita
2704 3522 3012 3604 effentiae
3086 3529 3352 3610 divinae
3390 3586 3418 3629 ‚
3465 3535 3540 3613 8<
3591 3535 3686 3615 fic
3737 3539 3883 3617 es·'

2287 3617 2392 3697 set
2458 3619 2539 3695 in
2596 3625 2763 3699 Deo
2813 3624 3112 3724 aliquod
3183 3631 3512 3713 accidens
3557 3690 3584 3730 ‚
3636 3643 3836 3736 quod

2291 3719 2496 3818 supra
2545 3718 2751 3821 (cap.
2802 3747 3118 3807 xxnu.
3165 3730 3199 3830 )
3248 3732 3686 3834 impoffibile
3738 3740 3841 3821 es-

2288 3819 2360 3897 se
2412 3820 2852 3902 ostendimus
2873 3883 2892 3902 .

2389 3948 2455 3999 2..
2511 3925 2680 4000 Nec
2729 3925 2997 4007 iterum
3066 3932 3296 4031 potest
3346 3938 3523 4039 poni
3589 3940 3834 4036 hujus-

2281 4021 2488 4101 modi
2540 4020 2808 4106 formas
2851 4030 3353 4131 intelligibiles
3401 4065 3531 4141 per
3584 4043 3653 4119 se
3680 4044 3829 4124 exi-

2278 4120 2459 4200 stere
2480 4175 2505 4213 ‚
2554 4127 2751 4223 quod
2802 4129 3009 4210 Plato
3077 4137 3413 4233 praediRa
3482 4143 3836 4224 inconve-

2275 4220 2554 4299 nientia
2621 4225 2861 4306 vitans
2906 4282 2934 4325 ‚
2983 4231 3276 4313 videtur
3346 4241 3653 4338 posuisse
3724 4247 3835 4324 in·

2277 4322 2719 4401 troducendo
2773 4327 2999 4408 ideas.
3056 4335 3261 4413 Nam
3276 4336 3526 4421 formae
3581 4371 3825 4426 rerum

2273 4423 2714 4502 naturalium
2769 4428 2915 4506 fine
2966 4438 3271 4515 materia
3325 4441 3622 4522 existere
3673 4474 3825 4525 non

2271 4525 2560 4700 foffunt
2581 4578 2606 4619 ‚
2647 4553 2819 4607 cum
2871 4557 3006 4611 nec
3058 4533 3204 4615 fine
3255 4546 3562 4621 materia
3618 4546 3825 4624 intel·

2303 4623 2593 4721 igantur
2642 4656 2661 4706 :
2715 4635 2910 4729 quod
2980 4636 3204 4716 etiam
3279 4640 3331 4719 fi
3382 4665 3823 4746 poneretur,

2275 4748 2410 4802 nec
2465 4725 2603 4803 hoc
2630 4729 2982 4811 sufficeret
3010 4739 3099 4814 ad
3128 4745 3543 4839 ponendum
3574 4752 3821 4828 Deum

2280 4823 2691 4926 intelligere
2743 4834 3347 4920 multitudinem:
3425 4871 3599 4924 nam
3649 4876 3821 4927 cum

2277 4923 2528 5010 formae
2575 4932 2930 5033 praediaae
2985 4936 3549 5117 fintlextraDei
3605 4951 3821 5060 essen·
3855 4969 3871 4984 ⁴·

3574 5061 3759 5124 nam
3784 5107 3814 5154 ,
