4597 5696
731 321 822 379 46

759 410 1074 491 localem
1094 462 1121 504 ‚
1144 406 1305 489 sive
1342 410 1734 493 secundum
1767 437 2309 514 quemcumque

760 512 988 594 :dium
1039 527 1332 591 motum
1374 568 1396 589 .
1450 514 1969 612 Sed-“potentia
2018 514 2311 595 infinita

758 615 856 690 est
907 610 1142 707 maior
1192 613 1401 694 omni
1455 614 1782 713 potentia
1834 614 2044 697 finita
2083 674 2103 693 .
2175 620 2314 697 Er·

755 738 856 813 go
906 729 1197 813 oportet
1246 716 1441 814 quod
1509 714 1588 794 in
1638 716 1912 797 minori
1980 734 2312 819 ternpore

756 813 1088 916 perficiat
1140 812 1485 895 effectum
1554 817 1881 899 velocius
1931 822 2309 899 movendo

762 941 987 1016 quam
1009 918 1332 1015 potentia
1350 920 2049 1018 quaecumquefinita
2069 978 2085 996 .
2144 925 2312 999 Nec

765 1016 993 1115 potest
1045 1019 1187 1093 ess'e
1250 1020 1449 1117 quod
1522 1018 1604 1096 in
1654 1020 1925 1111 minori
1993 1023 2318 1120 quodam

765 1116 860 1194 sit
914 1138 1240 1217 tempore
1277 1174 1294 1193 .
1371 1118 1845 1218 Relinquitur
1894 1147 2071 1221 ergo
2120 1125 2319 1221 quod

761 1218 900 1297 hoc
953 1218 1093 1297 erit
1146 1218 1679 1333 inindivisipili
1716 1225 2191 1320 temporis,et
2210 1224 2315 1302 sic

764 1340 1122 1411 movere,
1173 1335 1247 1397 et
1301 1343 1632 1412 moveri,
1683 1342 1756 1398 et
1809 1344 2054 1402 motus
2104 1343 2317 1401 erunt

766 1417 863 1494 in'
902 1417 1236 1503 instantia
1287 1418 1489 1507 cuius
1518 1423 1985 1501 contrarium·
2016 1426 2318 1501 demon·

765 1516 1068 1599 stratu-m
1083 1519 1180 1596 est
1216 1519 1296 1597 in
1322 1523 1387 1597 V
1405 1525 1453 1599 1.
1486 1519 1691 1623 Phys.
1744 1524 1832 1620 (a
1854 1542 2024 1602 text.
2046 1550 2317 1603 comm.

760 1643 975 1699 xxxx.
1030 1620 1249 1718 usque
1302 1620 1392 1697 ad
1419 1623 1734 1718 χχχιι.)
1790 1626 2017 1721 Quod
2068 1644 2317 1704 autem

760 1743 915 1799 non
966 1720 1177 1819 poffit
1230 1722 1557 1821 potentia
1612 1724 1896 1802 infinita
1947 1727 2310 1825 magnitu-

760 1819 952 1901 dinis
1007 1820 1227 1901 finitae
1281 1846 1578 1902 movere
1633 1825 1712 1903 in
1764 1844 2096 1924 tempore
2130 1880 2156 1922 ‚
2207 1827 2316 1905 sic

757 1923 1142 2019 probatur.
1197 1923 1308 2001 Sit
1359 1925 1685 2021 potentia
1736 1926 2031 2006 infinita
2077 1983 2104 2022 ,
2152 1954 2316 2025 quae

759 2020 861 2099 est
920 2026 987 2103 Α
1039 2076 1066 2116 ,
1132 2022 1529 2122 accipiatur
1598 2046 1847 2105 autem
1900 2054 2057 2127 pars
2112 2027 2309 2122 ejus,

761 2146 925 2221 qua:
994 2121 1094 2201 est
1150 2130 1275 2221 A,
1321 2126 1402 2203 B.
1458 2128 1623 2205 Pars
1694 2128 1919 2225 igitur
1972 2129 2102 2206 ista
2155 2154 2312 2205 mo-

758 2219 970 2302 vebit
1018 2224 1097 2301 in
1149 2238 1479 2327 tempore
1532 2226 1792 2320 majori
1838 2257 1866 2321 ς
1943 2230 2314 2329 oportebit

762 2339 1015 2400 tamen
1068 2326 1206 2403 esse
1255 2326 1586 2424 aliquam
1607 2330 2153 2426 proportionem
2183 2329 2311 2409 hu-

760 2421 875 2521 ius
925 2425 1275 2525 temporis
1310 2428 1434 2541 ρὰ
1484 2445 1769 2526 tempus
1820 2431 1902 2508 in
1953 2456 2102 2529 quo
2155 2456 2311 2509 mo-

736 2541 889 2606 ‘vet
922 2542 1072 2606 tota
1146 2545 1464 2619 otentia,
1526 2555 1697 2609 cum
1722 2547 2108 2630 utrumque
2131 2550 2307 2609 tem-

756 2648 893 2727 pus
941 2627 1036 2708 sit
1144 2628 1418 2721 nitum.
1476 2629 1635 2708 Sint
1689 2630 1936 2729 igitur.
1970 2633 2117 2710 haec
2170 2635 2318 2711 duo

759 2746 1090 2827 tempora
1141 2728 1220 2807 in
1255 2728 1556 2829 decupla
1589 2733 2059 2831 proportione
2118 2736 2186 2812 se
2220 2734 2319 2812 ad

757 2828 1085 2908 invicem
1136 2830 1528 2910 habentia:
1615 2858 1764 2911 non
1835 2836 2037 2914 enim
2089 2862 2320 2935 quan-

764 2945 929 3008 tum
979 2931 1072 3009 ad
1122 2931 1307 3009 hanc
1359 2933 1719 3012 rationem
1774 2935 2015 3014 differt
2059 2937 2319 3029 istam,

762 3028 884 3107 vel
937 3028 1159 3109 aliam
1194 3033 1739 3140 proportionem
1764 3036 2001 3113 dicere
2024 3095 2041 3114 .
2100 3038 2174 3118 Si
2194 3063 2317 3114 au·

763 3146 921 3213 tem
989 3131 1291 3211 addatur
1362 3135 1455 3212 ad
1526 3135 1933 3232 potentiam
2022 3137 2317 3216 finitam

754 3230 1185 3333 ‚praedictam
1205 3284 1228 3327 ‚
1282 3233 1594 3313 diminui
1628 3239 1998 3335 oportebit
2027 3240 2114 3318 de
2136 3258 2318 3317 tem-

765 3351 946 3434 pore
982 3387 1010 3428 ,
1079 3334 1471 3426 secundum
1521 3338 2071 3435 proportionem
2119 3341 2316 3418 addi-

764 3433 988 3516 tionis
1037 3437 1126 3514 ad
1152 3436 1556 3534 potentiam
1584 3435 1867 3516 finitam
1886 3496 1910 3533 ‚
1960 3467 2134 3520 cum
2163 3468 2310 3520 ma-

756 3531 870 3633 jor
919 3537 1245 3635 potentia
1298 3539 1379 3616 in
1430 3538 1700 3618 minori
1770 3560 2100 3639 tempore
2156 3569 2308 3620 mo-

758 3653 968 3716 vent.
1024 3639 1100 3716 Si
1151 3660 1327 3734 ergo
1379 3640 1677 3716 addatur
1729 3643 2116 3739 decuplum
2147 3695 2172 3733 ,
2225 3642 2318 3718 il-

759 3733 836 3812 la
886 3736 1213 3832 potentia
1254 3738 1588 3814 movebit
1639 3737 1718 3814 in
1747 3757 2078 3836 tempore
2113 3742 2311 3837 quod

754 3833 899 3912 erit
948 3835 1231 3914 decima
1286 3858 1446 3931 pars
1477 3839 1822 3933 temporis
1874 3839 1953 3916 in
1984 3864 2134 3937 quo
2161 3864 2314 3916 mo-

752 3936 978 4016 vebat
1028 3935 1267 4035 prima
1290 3958 1453 4033 pars
1492 3955 1786 4032 accepta
1837 3938 2143 4017 infinita:
2185 3965 2312 4039 po·

752 4035 1053 4128 tentiae,
1109 4035 1382 4116 scilicet
1436 4040 1547 4119 A,
1596 4039 1697 4129 133
1748 4057 1822 4117 et
1858 4058 2104 4119 tamen
2156 4041 2312 4119 haec

758 4137 1091 4235 potentia
1146 4164 1301 4236 quae
1356 4138 1455 4218 est
1509 4138 1901 4240 decuplum
1948 4141 2103 4239 ejus
2138 4198 2167 4238 ‚
2214 4142 2314 4220 est

760 4239 1145 4350 proportio
1194 4237 1443 4331 finita,
1494 4266 1666 4320 cum
1706 4244 1971 4323 habeat
2022 4268 2316 4343 propor-

753 4355 1039 4416 tionem
1115 4339 1670 4420 determinatam
1743 4347 1832 4423 ad
1903 4345 2314 4444 potentiam

758 4435 1050 4516 finitam
1090 4496 1110 4514 .
1189 4440 1674 4539 Relinquitur>
1708 4444 1941 4542 igitur»
1983 4447 2184 4546 quod
2238 4447 2318 4522 in

764 4541 1030 4627 eodem
1081 4557 1412 4639 tempore
1471 4562 1723 4624 movet
1771 4549 2098 4644 potentia
2151 4545 2314 4626 fini-

813 4819 1027 4905 }as‘t·
1078 4837 1333 4890 veteaessus
1382 4815 1743 4896 ffifffibur
1795 4837 1875 4886 bic
1928 4837 2121 4888 desi-ie·
2146 4853 2298 4903 eaput

762 4926 845 4964 ux.
882 4912 944 4960 σ
980 4925 1012 4958 ι
1043 4906 1366 4974 seques-ritus
1426 4905 1593 4956 verbis
1648 4905 1742 4955 Sed
1772 4915 1975 4954 eontra
2011 4903 2115 4955 bun

1385 308 1519 375 DE
1582 245 2950 374 venta-Arta'cnrrtotrcn:
3010 299 3324 370 riom

2411 431 2529 511 ta,
2577 428 2656 494 et
2707 410 3042 506 infinita3
3089 413 3290 511 quod
3339 409 3438 490 est
3493 406 3982 523 impoffibilev·

2413 517 2601 597 Nori
2648 513 2876 613 igitur
2943 513 3274 614 potentia
3339 512 3629 593 infinita
3655 534 3963 611 *magm‘

2413 615 2684 696 tudinis
2734 615 2957 697 finita:
3008 614 3238 714 potest
3289 638 3594 695 movere
3643 613 3736 696 in
3773 630 3960 694 tem·

2411 740 2590 818 pore
2643 716 2894 818 aliquo
2920 773 2938 794 .
3347 814 3363 830 ⁶
3539 813 3555 829 ⁶
3647 811 3674 831 „

2518 820 2746 916 Quod
2794 833 3048 898 autem
3086 830 3418 917 potentia
3452 839 3670 913 primi
3722 827 3966 894 moto·

2413 920 2510 1000 ris
2566 920 2654 997 fit
2703 917 2994 1000 infinita
3030 974 3058 1013 ,
3132 916 3226 995 fic
3281 917 3674 1017 probatur.
3732 911 3976 991 Nulla*

2417 1020 2746 1120 potentia
2799 1018 3007 1098 finita
3055 1017 3292 1118 potest
3334 1022 3634 1097 movere
3685 1032 3966 1112 tempo·

2419 1146 2494 1199 re
2546 1120 2842 1199 infinito
2877 1175 2897 1196 .
2968 1119 3110 1198 Sed
3159 1116 3487 1232 potentia
3538 1113 3759 1231 primi
3812 1138 3970 1227 mo-

2421 1222 2602 1303 toris
2650 1239 2905 1300 movet
2974 1237 3305 1318 tempore
3367 1215 3665 1299 mfimto
3698 1270 3726 1311 ,
3791 1237 3986 1313 quia-

2422 1341 2666 1402 motus
2717 1323 2998 1421 primus
3047 1320 3156 1399 est
3192 1318 3665 1435 sempiternue
3688 1374 3707 1394 .
3771 1318 3973 1429 Ergo

2421 1422 2748 1520 potentia
2800 1421 3021 1523 primi
3098 1439 3406 1500 motoris
3484 1417 3589 1498 est
3642 1415 3969 1497 infinita.

2424 1524 2668 1603 Prima
2722 1522 2815 1602 fic
2868 1524 3248 1621 probatur.
3303 1520 3382 1601 Si
3417 1519 3667 1617 aliqua
3720 1532 3973 1616 poten-

2417 1623 2528 1701 tia
2553 1622 2791 1703 -finita
2831 1623 3132 1718 alicujus
3165 1648 3255 1703 co
3339 1619 3484 1700 oris
3516 1636 3768 1699 movet
3793 1636 3972 1695 tem-

2417 1748 2593 1823 pore
2646 1723 2986 1818 infinito‚
3038 1723 3252 1823 pars'
3325 1722 3432 1798 'us
3466 1718 3790 1833 coi-pori}⁸
3843 1718 3970 1834 ὴμ-

2421 1824 2598 1902 bens
2652 1842 2939 1923 partem
3010 1821 3352 1923 potentiae
3391 1874 3423 1914 ,
3489 1821 3822 1934 movebit
3890 1843 3974 1934 in

2415 1941 2746 2024 tempore
2802 1925 3110 2002 minori:
3166 1923 3338 2023 quia
3368 1935 3652 2021 quanto
3686 1918 3973 2032 ahquid

2414 2025 2520 2105 est
2554 2025 2869 2119 majoris·
2891 2025 3277 2123 potentiae‚
3329 2039 3536 2136 tanto
3576 2021 3657 2100 in
3708 2019 3972 2135 majori

2418 2144 2746 2225 tempore
2800 2144 3088 2203 motum
3157 2139 3582 2201 contmuare
3652 2138 3970 2218 poterit«,

2411 2244 2487 2305 et
2542 2227 2631 2305 fic
2690 2249 2852 2325 pars
2908 2221 3245 2324 praediffla
3306 2220 3638 2300 movebit
3687 2233 3969 2334 tempo-

2412 2353 2489 2404 re
2544 2326 2761 2405 finito
2798 2353 2815 2401 z
2891 2322 3126 2421 major
3177 2338 3430 2400 autem
3477 2345 3639 2420 pars
3689 2346 3770 2400 m
3819 2345 3970 2397 ma·

2418 2428 2559 2523 jori
2609 2446 2942 2527 tempore
2995 2447 3294 2502 movere
3344 2421 3672 2521 poteritz
3747 2437 3822 2498 et
3875 2418 3969 2499 fic

2416 2530 2695 2629 semper
2745 2582 2769 2620 ‚
2843 2526 3235 2606 secundum
3284 2521 3483 2623 quod
3530 2522 3828 2602 addetur
3879 2521 3972 2600 ad

2417 2629 2829 2729 potentiam
2881 2623 3187 2705 motoris
3216 2679 3242 2718 ‚
3294 2624 3593 2702 addetur
3642 2623 3731 2699 ad
3785 2639 3968 2735 tem·

2419 2756 2552 2831 pus
2585 2785 2612 2823 ,
2699 2728 3088 2806 secundum
3158 2725 3494 2803 eamdem
3570 2739 3970 2830 proportio·

2419 2857 2597 2913 nem
2630 2889 2651 2907 .
2740 2831 2877 2910 Sed
2927 2826 3203 2906 additio
3273 2824 3709 2924 aliquotiens
3778 2819 3970 2901 fasta

2419 2931 2937 3031 perveniet-ad
2990 2927 3477 3028 quantitatem
3526 2924 3792 3017 totius,
3843 2921 3965 3001 vel

2421 3034 2649 3111 etiam
2720 3032 3015 3111 excedet
3053 3085 3072 3105 .
3153 3031 3354 3125 Ergo
3421 3044 3495 3105 et
3547 3024 3824 3104 additio
3876 3047 3967 3102 ex

2418 3150 2624 3233 parte
2688 3131 3037 3231 temporis
3106 3129 3480 3228 perveniet
3544 3127 3636 3204 ad
3686 3123 3970 3224 quanti·

2418 3254 2648 3316 tatem
2698 3232 3044 3332 temporis
3099 3230 3178 3308 in
3216 3254 3364 3328 quo
3399 3242 3650 3307 movet
3701 3244 3968 3306 totum.

2418 3340 2748 3437 Tempus
2799 3352 3046 3412 autem
3104 3331 3177 3407 in
3226 3354 3373 3429 quo
3425 3345 3688 3405 totum·
3718 3348 3965 3403 move-

2414 3440 2587 3533 bat,
2639 3437 3008 3517 dicebatur
3060 3434 3195 3508 effe
3252 3427 3623 3506 infinitum
3664 3480 3682 3499 .
3761 3429 3964 3537 EJrgo

2413 3558 2698 3636 tempus
2752 3536 3046 3612 finitum
3083 3530 3424 3606 metietur
3463 3544 3752 3621 tempus
3801 3518 3963 3601 mfi·

2409 3640 2699 3724 nitumz
2746 3635 2941 3733 quod
2992 3631 3097 3707 est
3134 3625 3568 3735 impoffibile
3620 3624 3758 3719 (a).

2518 3738 2657 3814 Sed
2705 3752 2970 3810 contra
3022 3730 3214 3807 bunc
3267 3726 3671 3824 processum
3721 3722 3960 3823 plures

2419 3835 2580 3913 sunt
2649 3830 3149 3926 obieffliones:
3227 3848 3538 3926 quarum
3604 3850 3747 3902 una
3783 3824 3959 3917 eff,

2414 3934 2590 4034 quia
2643 3929 2877 4033 potest
2930 3930 3168 4030 poni,
3219 3928 3418 4025 quod
3469 3925 3653 4003 illud
3702 3949 3966 4030 corpus·

2414 4037 2610 4136 quod
2693 4052 2947 4113 movet
2996 4031 3322 4132 primum
3390 4046 3680 4105 motum
3712 4078 3739 4120 ‚
3810 4052 3960 4110 non

2418 4136 2517 4215 est
2568 4133 2927 4213 divifibile
2964 4188 2989 4226 ‚
3045 4133 3219 4210 ficut
3270 4145 3466 4228 patet
3517 4128 3605 4206 de
3655 4150 3958 4243 corpore

2415 4236 2719 4320 caelesti.
2771 4230 3113 4315 Praediffia
3140 4246 3390 4307 autem
3423 4230 3757 4328 probatio
3798 4254 3957 4329 pro·

2416 4339 2613 4420 cedit
2661 4361 2754 4416 ex
2808 4334 3158 4413 divifione
3213 4330 3363 4425 ejus
3391 4386 3408 4403 .

2522 4441 2661 4520 Sed
2712 4438 2802 4515 ad
2879 4436 3018 4513 hoc
3086 4431 3473 4512 dicendum
3544 4427 3690 4525 est,
3759 4429 3958 4542 quod

2414 4536 2932 4622 conditionalis
2977 4531 3205 4636 potest
3258 4532 3396 4609 esse
3446 4555 3622 4612 vera
3648 4584 3676 4626 ‚
3750 4552 3954 4625 cujus

2959 4675 2964 4678 ·
3828 4654 3955 4708 an-

2782 4763 3932 4808 m

2403 4855 2495 4890 nes
2516 4851 2698 4888 contra
2735 4837 2871 4891 hune
2922 4831 3198 4908 prouisum
3246 4874 3257 4885 .
3321 4841 3383 4886 1»
3436 4833 3797 4887 recensio-'ihu
3833 4849 3956 4892 vau

2442 4911 2608 4956 uicum
2643 4919 2797 4971 caput
2833 4913 3002 4958 omnia
3038 4903 3386 4978 conpteffitur
3405 4938 3417 4951 .
3457 4907 3568 4954 tice
3603 4901 3819 4953 adura·
3853 4902 3954 4949 Lu·

764 4979 950 5035 oess‘nm
990 4978 1496 5047 incipisaeeapuenx.
1531 4987 1645 5025 cum
1683 4973 1770 5023 hoe
1803 4973 1999 5024 ritulo.-
2037 4919 2305 5029 obirati&
2403 4923 2609 5026 :atinus
2659 4975 2718 5026 i·
2749 4972 3275 5042 animal-infinibus
3329 4971 3391 5023 ὄπ
3425 4971 3722 5039 αυτηορ.
3762 4969 3946 5021 Tme-
