4597 5696
740 445 855 516 ηε
1343 442 1467 509 m:
1522 442 2111 510 vam-ram:
2159 416 2885 512 cunonem:
2942 442 3256 514 rrum

722 560 891 644 ‘sam
908 556 1410 653 confidemus,
1447 555 1855 635 secundum
1896 555 2079 635 illud
2102 557 2303 633 Deu-
2516 586 2575 635 1.
2628 549 3019 636 Oste'nsum
3071 554 3173 643 est
3222 554 3424 637 enim
3463 559 3539 641 su
3589 559 3666 641 ra
3718 565 3749 663 (
3793 567 3955 670 capi

739 680 869 742 ter.
934 686 1042 739 ιν.
1098 663 1170 737 6.
1251 666 1427 739 Haec
1502 655 1607 749 es}
1654 657 1852 738 enim
1913 654 2301 757 sapientia
2398 683 2623 738 x111.
2680 663 2734 737 Ι.
2778 659 2944 739 Lib.
2997 658 3220 758 )’per
3268 660 3485 740 demo
3595 666 3956 748 rationem

727 758 1035 862 vestra,
1085 763 1183 840 Θ*
1230 757 1644 841 intelleHus
1697 787 1933 838 coram
1976 756 2305 858 populis:
2411 759 2862 855 Aristotelis,
2920 761 3060 837 effe
3082 758 3407 859 aliquam
3457 762 3770 861 primam
3792 795 3958 849 cau-

727 876 815 946 'et
934 879 1178 964 ropter
1246 864 1385 941 hoc
1453 859 1586 938 fibi
1655 859 1850 960 quasi
1921 858 2307 959 principali
2413 860 2563 941 sam
2640 859 3088 939 efficientem
3132 913 3158 953 ‚
3209 886 3432 959 quam
3490 868 3731 943 Deum
3783 872 3959 949 dici·

733 966 878 1050 Phi
911 966 1210 1065 osophia
1263 964 1579 1042 humana
1618 962 1966 1039 deservit:
2021 980 2097 1039 et
2136 961 2301 1037 ideo
2404 986 2567 1039 mus
2617 1019 2635 1038 .
2699 961 3049 1068 Efficiens
3099 978 3351 1039 autem
3402 966 3609 1043 causa
3662 964 3819 1047 suos
3858 971 3960 1051 ef÷

743 1070 1113 1150 interdum
1181 1091 1271 1144 ex
1352 1062 1727 1164 principiis
1817 1060 2300 1161 Philosophiae
2404 1059 2633 1141 fectus
2682 1062 3024 1140 conducit
3075 1063 3165 1138 ad
3217 1064 3355 1138 effe
3394 1121 3416 1139 .
3486 1068 3686 1146 Deus
3737 1066 3965 1170 igitur

740 1172 1079 1251 humanae
1165 1166 1512 1267 sapientia
1595 1164 1847 1243 divina
1934 1163 2297 1262 procedit:
2407 1162 2572 1241 aliis
2623 1164 2831 1242 causa
2879 1162 3147 1240 essendi
3200 1164 3473 1244 existit.

743 1287 922 1352 nam
973 1284 1049 1348 et
1097 1269 1287 1369 apud
1339 1264 1814 1364 Philosophos
1901 1266 2088 1343 rima
2139 1263 2306 1342 Phi·
2515 1292 2579 1340 2.
2639 1267 2830 1343 Item
2866 1322 2885 1341 .
2957 1260 3346 1342 Ostensum
3417 1266 3518 1347 est
3590 1270 3672 1348 in
3723 1275 3968 1374 primo
4023 1306 4030 1315 ·

745 1371 1077 1473 losophia
1153 1369 1383 1447 utitur
1453 1367 1793 1444 omnium
1873 1365 2306 1443 cientiarum
2410 1364 2645 1444 Libro
2708 1365 2737 1463 (
2789 1390 2945 1465 cap.
2996 1390 3087 1442 x1
3109 1391 3216 1442 101.
3272 1364 3302 1461 )
3391 1394 3522 1468 per
3605 1376 3968 1461 rationem

749 1470 1210 1553 documentis
1261 1468 1354 1545 ad
1385 1465 1591 1546 suum
1609 1466 2055 1567 propositum
2081 1464 2307 1544 osten·-
2410 1450 2725 1563 ejusdem
2779 1521 2805 1562 ,
2872 1466 3011 1542 effe
3080 1463 3376 1564 aliquod
3440 1471 3763 1569 primum
3815 1506 3972 1563 mo-

750 1576 1110 1654 dendum.
2305 1640 2309 1649 ,
2413 1593 2593 1647 vens
2668 1565 3056 1674 immobile
3089 1620 3115 1660 ‚
3200 1572 3399 1665 quod
3480 1576 3729 1654 Deum
3797 1579 3973 1663 dici.

860 1674 1149 1753 Exinde
1201 1669 1427 1750 etiam
1478 1668 1580 1749 est
1603 1670 1800 1769 quod
1849 1695 1998 1746 non
2053 1668 2314 1746 eodem
2415 1694 2616 1747 mus,
2670 1670 3004 1747 Primum
3048 1684 3291 1745 autem
3318 1677 3763 1769 movens‚in
3796 1709 3975 1783 quo.

754 1775 1013 1857 ordine
1033 1791 1340 1871 utraque
1373 1772 1698 1851 doctrina
1727 1770 2090 1869 procedit:
2138 1792 2315 1845 nam
2415 1770 2604 1866 libet
2649 1769 2905 1848 ordine
2957 1773 3339 1864 motuum,
3409 1774 3509 1853 est
3562 1780 3769 1857 causa
3819 1812 3976 1866 om-

757 1881 843 1959 in
891 1876 1221 1957 doctrina
1255 1867 1732 1970 Philosophiae
1757 1926 1782 1966 ,
1836 1895 1993 1968 quae
2046 1885 2316 1946 creatu·
2420 1873 2628 1948 nium
2707 1889 3047 1949 motuum
3125 1869 3255 1967 qui
3323 1871 3487 1955 sunt
3533 1876 3734 1960 illius
3785 1890 3979 1966 ordi.

760 2006 876 2062 ras
927 1977 1320 2059 secundum
1373 1974 1440 2051 se
1473 1972 1911 2067 considerat,
1964 1988 2041 2049 et
2091 1996 2181 2047 ex
2214 1968 2319 2061 eis
2422 1971 2535 2051 nis
2560 2029 2578 2048 .
2634 1975 2894 2072 Quum
2946 1970 3189 2085 igitur·
3226 1973 3463 2054 multa
3513 2004 3604 2058 ex
3653 1986 3977 2067 motibus

763 2082 848 2162 in
902 2079 1048 2159 Dei
1100 2104 1190 2154 co
1246 2075 1608 2153 nitionem
1660 2072 2029 2170 perducit,
2081 2071 2323 2169 prima
2423 2073 2581 2152 caeli
2634 2071 3119 2173 producantur
3169 2096 3251 2148 m
3302 2078 3482 2173 effe,
3536 2081 3617 2158 in
3667 2109 3980 2182 quorum

767 2179 870 2259 est
919 2176 1198 2256 confid·
1243 2175 1396 2251 atio
1445 2175 1534 2249 de
1586 2173 1977 2264 creaturiS,
2028 2190 2103 2246 et
2154 2169 2322 2246 ulti·
2423 2174 2675 2251 ordine
2732 2177 2980 2249 Deum
3062 2172 3200 2247 effe
3252 2174 3575 2270 primum
3630 2208 3985 2285 movens,

768 2303 894 2363 ma
936 2277 1027 2354 de
1083 2278 1248 2353 Deo
1290 2301 1307 2349 :
1364 2274 1442 2348 in
1493 2272 1821 2348 doctrina
1871 2295 2050 2347 vero
2101 2268 2323 2361 fidei,
2423 2272 2785 2350 ostensum
2812 2270 2910 2348 est
2962 2269 2991 2367 (
3041 2270 3168 2349 ubi
3196 2271 3341 2370 sup.
3393 2274 3423 2371 )
3472 2300 3762 2378 oportet
3787 2292 3989 2386 quod

766 2400 940 2481 quae'
1001 2390 1357 2455 creaturas
1423 2368 1705 2450 nonnifi
1785 2370 1865 2446 in
1930 2369 2184 2448 ordine
2234 2367 2327 2444 ad
2430 2378 2630 2452 Deus
2681 2369 2768 2449 fit
2818 2368 3070 2449 multis
3136 2371 3353 2451 rebus
3417 2382 3621 2458 causa
3675 2387 3984 2468 effendi-

773 2485 1024 2561 Deum
1076 2473 1518 2565 considerat,
1570 2470 1811 2571 primo
1862 2468 1961 2547 est
2012 2467 2328 2546 confide·
2538 2501 2602 2572 3.
2657 2471 3003 2571 Amplius
3047 2528 3065 2547 .
3155 2475 3380 2572 Quod
3457 2502 3584 2576 per
3637 2484 3705 2560 se
3763 2488 3983 2570 alicui

771 2580 965 2663 ratio
1009 2576 1283 2670 Dei,et
1304 2572 1764 2675 postmodum
1813 2588 2333 2661 creaturarum3
2434 2572 2784 2653 convenit
2809 2627 2837 2668 ,
2888 2571 3313 2652 naturaliter
3362 2576 3430 2654 ei
3482 2580 3701 2661 inesse
3755 2593 3993 2669 neces-

773 2698 853 2764 α
902 2680 999 2758 fic
1049 2675 1151 2757 est
1252 2666 1588 2755 erfectior
1632 2726 1658 2767 ,
1709 2689 1960 2772 utpote
2019 2670 2164 2748 Dei
2214 2690 2333 2746 co·
2440 2676 2512 2753 se
2564 2672 2663 2752 est
2718 2726 2743 2767 ,
2816 2672 2992 2751 ficut
3063 2672 3352 2753 homini
3420 2681 3775 2764 rationale
3816 2743 3842 2784 ,
3914 2712 3999 2776 et

771 2778 1102 2886 gnitioni
1203 2775 1480 2856 1milior
1519 2829 1546 2872 ,
1616 2773 1748 2876 qui
1812 2774 1881 2851 se
1934 2770 2170 2872 ipsum
2219 2795 2341 2848 co·
2443 2775 2602 2876 igni
2656 2771 2931 2853 sursum
2996 2775 3346 2853 moveri.
3423 2784 3669 2880 Agere
3740 2808 3990 2873 autem

781 2883 1175 2983 gnoscens,
1223 2880 1367 2956 alia
1407 2877 1764 2955 intuetur.
1819 2875 2041 2953 Unde
2098 2871 2339 2958 secun-
2441 2902 2571 2980 per
2623 2875 2692 2952 se
2743 2875 3070 2974 aliquem
3143 2876 3485 2958 effectum
3534 2938 3560 2979 ,
3646 2896 3994 2976 convenit

778 2985 961 3061 dum
1007 2982 1208 3056 hunc
1260 2977 1592 3056 ordinem
1627 3029 1658 3069 ‚
1713 2974 1866 3075 post
1918 2999 2004 3049 ea
2054 3000 2209 3071 quae
2260 2972 2339 3048 in
2442 2977 2595 3056 enti
2649 2977 2730 3054 in
2781 2991 2946 3054 actu
2991 3002 3016 3069 ς
3134 3079 3135 3082 Ν
3296 2993 3870 3092 unumquodque
3920 3023 3997 3074 a..

780 3080 856 3162 se
907 3081 996 3158 de
1051 3083 1218 3157 Deo
1286 3078 1368 3162 in
1447 3076 1688 3174 primo
1741 3076 1968 3152 Libro
2022 3072 2183 3151 sunt
2235 3073 2340 3149 di·
2443 3103 2619 3178 gens
2673 3001 3313 3178 secundumnssc,
3334 3083 3495 3181 agit
3546 3094 3741 3186 quod
3792 3096 3871 3173 in
3922 3123 3993 3176 a.

783 3197 949 3273 cta,
999 3181 1091 3258 de
1140 3177 1253 3255 his
1305 3202 1463 3275 quae
1513 3177 1607 3252 ab
1660 3174 1814 3276 ipso
1865 3174 2026 3253 sunt
2055 3227 2081 3268 ,
2132 3172 2345 3251 restat
2442 3195 2570 3260 ctu
2622 3175 2722 3256 est
2759 3233 2781 3256 .
2851 3179 3102 3255 Omne
3156 3179 3382 3279 igitur
3433 3206 3559 3264 ens
3609 3211 3815 3290 actu,
3871 3221 3998 3275 naq

778 3279 1397 3384 prosequendum.
1700 3302 1704 3305 ’
1850 3342 1860 3353 .
2445 3295 2609 3358 tum
2661 3274 2761 3355 est
2810 3298 3026 3376 agere
3093 3280 3373 3386 aliquid
3439 3305 3603 3366 actu
3656 3296 3997 3392 existens.

1038 3453 1043 3458 .
1154 3401 1211 3465 c
1292 3400 1356 3464 A
1442 3398 1491 3461 P
1577 3401 1636 3463 U
1722 3398 1784 3460 T
1906 3400 1993 3463 v.
2448 3381 2590 3461 Sed
2645 3381 2844 3457 Deus
2893 3378 2995 3458 est
3048 3405 3176 3463 ens
3224 3393 3439 3480 actu,
3491 3391 3700 3470 utin
3753 3399 4001 3496 primo

1288 3518 1443 3583 om,
1481 3516 1864 3581 dicendorum.
2451 3480 2683 3559 Libro
2733 3479 2759 3577 (
2811 3504 2922 3580 ap.
2948 3506 3049 3560 xv
3066 3509 3119 3561 1.
3172 3483 3203 3581 )
3251 3484 3606 3565 ostensum
3656 3494 3798 3572 est.
3853 3500 4000 3596 Igi-

954 3658 1050 3741 Κ.
1469 3650 1540 3726 h,
1703 3629 1721 3639 -
1799 3649 1839 3727 s
1995 3651 2012 3669 ,
2123 3647 2141 3666 .
2322 3691 2349 3707 .
2427 3598 2566 3710 'tur
2646 3579 2779 3659 fibi
2811 3584 3207 3692 ,competit
3277 3609 3492 3681 agere
3524 3591 3817 3700 ‚aliquid
3867 3621 3998 3675 ens

1033 3672 1093 3738 it
1142 3668 1390 3733 autem
1523 3676 1589 3729 1c
1666 3675 1798 3750 pro
1828 3667 2185 3730 ecutionis
2237 3669 2323 3727 or
2448 3698 2665 3776 actu,
2716 3704 2835 3758 cm
2887 3680 2973 3759 fit
3020 3684 3228 3760 (ausa
3279 3685 3585 3763 essendl·
3658 3723 3665 3730 Ἢ

876 3863 891 3876 ο
1009 3761 1146 3852 do,
1196 3771 1279 3831 ut
1330 3750 1571 3868 primo
1602 3775 1902 3851 agamus
1955 3754 2043 3829 de
2094 3747 2351 3850 produ·
2551 3810 2624 3878 4
2681 3780 2983 3858 Adhuc·
3037 3784 3344 3880 Signum
3396 3785 3860 3881 perfectionis
3912 3798 3995 3880 in
4054 3756 4063 3764 ·

791 3879 1041 3942 ctione
1092 3877 1337 3932 rerum
1391 3871 1486 3929 ιη·
1521 3853 1697 3942 effe,
1753 3853 2061 3931 secundo
2110 3851 2200 3927 de
2236 3872 2346 3924 ea-
2452 3882 2667 3960 rebus
2736 3877 3199 3962 inferioribus
3262 3881 3361 3959 est
3437 3890 3633 3982 quod
3710 3900 3998 3994 possunt
4048 3907 4053 3916 .

791 3985 962 4043 rum
1014 3952 1528 4037 distinctione3
1601 3954 1821 4031 tertio
1871 3976 2047 4030 vero
2100 3952 2190 4064 de
2242 3947 2350 4064 ip·
2450 3980 2585 4060 fibi
2636 3977 2898 4064 fimffia
2948 3979 3232 4080 facere,
3284 4001 3366 4061 ut
3416 4002 3614 4083 patet
3662 4018 3792 4092 per
3830 4002 3995 4079 Phi-

797 4063 1034 4143 sarum
1085 4077 1326 4156 rerum
1380 4052 1929 4153 productarum,
1981 4069 2057 4130 et
2105 4046 2350 4146 distm-
2454 4079 2835 4181 Iosophum
2911 4081 2992 4158 in
3064 4087 3200 4162 IV·
3287 4084 3653 4168 Metheor.
3739 4097 3769 4192 (
3823 4117 3996 4182 text·

795 4182 1080 4242 ctarum
1131 4174 1429 4273 natura,
1479 4172 1843 4255 quantum
1893 4156 1984 4254 ad
2010 4151 2352 4251 ᾕάειΡΨ·
2452 4205 2722 4262 comm.
2773 4205 3044 4259 xv111.
3098 4185 3126 4284 )
3179 4191 3378 4267 Deus
3428 4197 3825 4276 autem·''est
3852 4229 4003 4280 ma-

797 4264 985 4344 tinet
1034 4275 1459 4339 veritatem.
2452 4284 2655 4362 xime
2709 4279 3062 4381 perfectus
3097 4341 3125 4379 ‚
3210 4306 3293 4367 ut
3343 4288 3424 4366 in
3471 4293 3714 4391 primo
3766 4302 3797 4417 (
3846 4315 4043 4404 cap?

1119 4378 1174 4438 c
1255 4380 1317 4441 A
1405 4375 1452 4437 P
1548 4379 1609 4442 U
1694 4376 1756 4439 T
1921 4372 2042 4435 Vl.
2450 4409 2771 4464 xxvn1.
2825 4384 2855 4480 )
2905 4385 3262 4467 ostensum
3334 4389 3434 4466 est
3479 4451 3499 4470 .
3568 4397 3720 4496 -lpfi
3775 4406 4002 4503 igitur

921 4465 1100 4552 2⁸⁰³
1135 4470 1258 4530 Deo
1298 4476 1553 4555 competit
1593 4475 1694 4570 ‘ff‘
1731 4474 1868 4539 aliis
1898 4477 2240 4561 principium
2454 4483 2811 4583 competit
2881 4485 3114 4567 facere
3201 4491 3481 4591 aliquid
3546 4495 3679 4576 fibi
3766 4506 4003 4584 fimile
4102 4575 4105 4578 ,

1021 4635 1032 4643 .
1440 4554 1651 4690 “1²1³''ae
1668 4597 1688 4615 ·
2455 4610 2585 4668 ens
2636 4585 2718 4662 in
2767 4604 2932 4667 actu
2982 4642 3008 4684 ,
3061 4607 3143 4670 ut
3184 4592 3287 4670 fic
3343 4593 3427 4672 fit
3473 4599 3682 4676 causa
3718 4608 4002 4685 essendi.
4104 4593 4109 4608 ³

807 4671 1412 4862 SUpponentes
1437 4692 1663 4773 igitur
1709 4701 1869 4779 quae
1922 4678 2002 4757 in
2046 4678 2357 4779 superio·
2571 4709 2631 4784 ς.
2688 4690 2877 4765 Item
2921 4747 2939 4766 .
3018 4692 3405 4774 Ostensum
3478 4698 3710 4777 est³in
3762 4709 4005 4806 ptimo

985 4773 1183 4868 ribus
1255 4769 1559 4864 ostensa¹
1600 4777 1762 4855 sunt
1811 4832 1839 4872 ,
1909 4779 2360 4861 ostendamus
2464 4787 2694 4866 Libro
2793 4789 2821 4886 (
2870 4814 3021 4890 cap.
3075 4788 3287 4875 lxx‘x1
3311 4826 3366 4873 1.
3419 4799 3449 4895 )
3513 4804 3708 4899 quod
3792 4812 4007 4889 Deus

808 4891 1003 4986 nunc
1056 4871 1254 4988 quod
1306 4877 1661 4988 competit
1715 4882 1879 4955 Deo
1928 4899 2011 4957 ut
2063 4880 2149 4961 fit
2196 4884 2361 4965 aliis
2462 4889 2623 4966 vult
2676 4883 2881 4969 suum
2920 4897 3059 4994 efl'e
3110 4898 3275 4976 aliis
3299 4906 3848 4985 communicare
3882 4932 4009 5007 per

765 5061 770 5064 ,
813 4977 1574 5086 clientis-principium
1626 5029 1655 5078 ,
1706 4993 1783 5084 et
1831 4981 2079 5060 causa.
2463 4989 2768 5073 modurn
2823 4993 3525 5084 fimilitudinis--De
3562 5007 4011 5105 perfectione
4058 5027 4065 5030 “

3892 5136 4016 5191 au·
