4597 5696
1287 351 1883 419 CONTRA
1970 352 2724 420 GENTILES
2807 355 3057 425 LIB.
3147 357 3240 422 Π.

618 464 827 556 enim
879 490 1107 572 genus
1158 492 1287 568 per
1335 467 1630 565 actum,
1681 470 2178 571 &potentiam

618 575 977 657 dividitur
1010 631 1030 650 .
1085 569 1488 652 Substantia
1560 594 1809 670 autem
1897 574 2180 652 intelle-

615 677 921 774 ctualis,
970 674 1046 751 8(
1096 698 1359 772 corpus
1412 673 1573 751 sunt
1625 675 1908 754 diversa
1961 701 2178 780 gene-

614 780 732 861 ra.
798 781 979 858 Non
1002 776 1229 875 igitur
1280 777 1568 854 videtur
1584 775 1918 877 poffibile
1945 803 2177 857 unum

613 883 754 969 effe
807 877 1125 957 formam
1180 876 1513 956 alteriuS.
1572 909 1579 916 ’
2182 911 2185 912 f

726 1011 793 1085 3.
850 976 1231 1079 Amplius.
1291 982 1547 1058 Omne
1602 977 1786 1058 illud
1817 979 2029 1078 cujus
2075 980 2174 1059 es-

622 1085 694 1165 se
747 1081 846 1163 est
899 1082 979 1159 in
1029 1081 1389 1175 materia,
1440 1097 1731 1182 oportet
1763 1083 1902 1160 effe
1952 1102 2179 1162 mate·

621 1186 807 1266 riale
836 1246 853 1262 .
909 1184 1048 1265 Sed
1100 1181 1149 1260 si
1204 1175 1589 1262 substantia
1657 1182 2178 1266 intellefi'malis

615 1287 716 1367 est
764 1287 1007 1366 forma
1057 1285 1383 1388 corporis
1403 1343 1431 1385 ‚
1480 1299 1774 1388 oportet
1821 1289 2021 1387 quod
2073 1288 2176 1367 es-

618 1392 690 1468 se
743 1388 895 1486 ejus
947 1388 1033 1467 fit
1086 1388 1165 1466 in
1216 1389 1528 1467 materia
1564 1389 1969 1487 corporali:
2024 1415 2180 1470 non

609 1492 813 1586 euim
868 1491 1002 1569 effe
1055 1489 1309 1569 formae
1363 1489 1462 1567 est
1511 1507 1771 1590 praeter
1834 1492 1970 1569 effe
2021 1518 2178 1572 ma-

609 1594 846 1673 teriae.
902 1592 1248 1691 Sequitur
1298 1592 1528 1693 igitur
1578 1592 1779 1692 quod
1856 1592 2174 1673 substan·

611 1696 720 1775 tia
778 1693 1288 1773 intelle-finalis
1340 1719 1492 1771 non
1530 1691 2175 1794 fitimmaterialig

610 1815 696 1878 ut
749 1796 958 1895 supra
1007 1795 1037 1893 (
1088 1820 1243 1894 cap.
1298 1795 1345 1874 1.
1403 1795 1430 1890 )
1480 1794 1847 1873 ostensum
1903 1795 2045 1875 est.

642 1923 649 1926 ’
704 1925 775 1995 4
834 1903 1025 1977 Item
1063 1954 1083 1972 .
1142 1892 1589 1996 Impoffibile
1665 1895 1766 1974 est
1837 1897 1916 1976 id
1965 1897 2173 1997 cujus

600 1999 741 2078 effe
793 1997 893 2078 est
944 1999 1027 2076 in
1094 2021 1402 2097 corpore
1444 2057 1471 2095 ,
1540 1998 1684 2076 effe
1755 2023 1799 2075 a
1871 2024 1964 2079 co
2133 2023 2180 2080 e

604 2099 1010 2199 separatum
1045 2155 1064 2175 .
1122 2096 1553 2178 Intellefflus
1619 2114 1869 2179 autem
1939 2128 1992 2179 o
2050 2127 2176 2181 en.

609 2202 809 2280 ditur
892 2226 938 2278 a
1018 2199 1341 2304 Physicis
1408 2200 1439 2298 (
1511 2203 1654 2280 111.
1725 2202 1818 2280 de
1893 2202 2176 2283 Anima

605 2318 782 2381 text.
836 2326 1109 2382 comm.
1162 2326 1285 2380 vr.
1336 2302 1411 2379 8(
1460 2327 1631 2381 x1x.
1685 2303 1717 2399 )
1782 2301 1922 2381 effe
1976 2304 2173 2404 sepa-

600 2420 800 2484 ratus
854 2430 895 2481 a
949 2427 1255 2504 corpore
1285 2457 1311 2496 ‚
1363 2403 1439 2481 8(
1510 2404 1710 2503 quod
1776 2428 2017 2505 neque
2068 2405 2170 2490 est

599 2530 861 2607 corpus
882 2560 905 2599 ‚
943 2529 1181 2606 neque
1232 2502 1465 2584 virtus
1521 2505 1958 2604 incorpore.
1981 2510 2165 2588 Non

597 2606 700 2686 est
757 2608 987 2706 igitur
1038 2604 1557 2685 intellectualis
1608 2605 1999 2686 substantia
2023 2607 2163 2689 for-

600 2729 727 2822 ma
776 2707 1152 2805 corporis,
1203 2705 1299 2783 fic
1352 2707 1558 2784 enim
1610 2707 1749 2784 esse
1799 2706 1953 2806 ejus
1987 2712 2163 2788 effet

608 2828 693 2884 ιη
749 2830 1093 2907 corpore.

666 3010 669 3011 f
712 2933 776 3005 ς.
834 2907 1098 2988 Adhuc
1141 2960 1162 2982 .
1212 2902 1440 3001 eujus
1491 2904 1627 2984 effe
1680 2903 1782 2984 est
1832 2932 2166 2992 commu-

591 3028 691 3088 ne
747 3008 1039 3108 corpori
1081 3062 1110 3103 ‚
1159 3023 1450 3107 oportet
1516 3008 1589 3087 8(
1657 3010 2166 3109 operationem

595 3134 1077 3190 communem
1131 3111 1306 3187 esse:
1363 3112 1935 3213 unumquodque
1957 3116 2159 3196 enim

595 3211 757 3311 agit
807 3266 834 3305 ‚
887 3211 1275 3289 secundum
1355 3214 1554 3310 quod
1623 3210 1722 3290 est
1774 3238 1903 3292 ens
1946 3243 1972 3309 ς
2022 3244 2162 3299 nec

602 3315 840 3391 virtus
888 3312 1266 3412 operativa
1318 3312 1424 3387 rei
1476 3312 1710 3411 potest
1759 3316 1901 3416 esse⁴
1947 3317 2160 3397 subli-

605 3413 805 3490 mior
856 3438 1082 3513 quam
1133 3411 1285 3505 ejus
1336 3412 1880 3507 effentia‚cum
1932 3418 2166 3499 virtus

602 3514 916 3593 effentiae
971 3513 1329 3614 principia
1380 3514 1897 3614 consequatur.
1937 3519 2017 3598 Si
2040 3538 2163 3599 'au-

603 3627 763 3692 tem
791 3613 1176 3694 substantia
1231 3612 1743 3694 intellecmalis
1783 3616 1871 3696 fit
1920 3619 2161 3701 forma

595 3716 925 3817 corporis
976 3770 1003 3809 ,
1055 3731 1344 3816 oportet
1397 3716 1596 3815 quod
1664 3717 1800 3795 esse
1869 3720 2026 3821 ejus
2073 3721 2161 3803 fit

595 3814 775 3913 fibi,
824 3817 902 3896 8(
952 3817 1240 3917 corpori
1292 3841 1740 3920 commune:
1775 3845 1865 3900 ex
1918 3822 2155 3904 forma

592 3916 799 4009 enim
851 3971 878 4013 ‚
930 3918 1004 3995 8(
1055 3919 1363 3996 materia
1431 3919 1516 3996 fit
1565 3919 1847 4020 aliquid
1921 3950 2153 4005 unum

591 4017 1018 4118 simpliciter
1057 4071 1083 4110 ‚
1135 4020 1330 4117 quod
1383 4019 1479 4095 est
1550 4020 1941 4103 secundum
2011 4030 2150 4106 esse

585 4141 823 4196 unum
861 4168 899 4195 .-
956 4118 1125 4200 Erit
1202 4143 1382 4216 ergo
1450 4121 1523 4197 8(
1591 4126 1923 4223 operatio
1991 4128 2147 4207 sub-

589 4216 873 4298 stantiae
927 4216 1444 4297 intellectualis
1513 4228 1931 4308 communis
1999 4216 2155 4310 cbr-

593 4316 808 4418 pori,
857 4320 933 4397 8(
984 4320 1215 4399 virtus
1266 4318 1464 4417 ejus5
1515 4324 1747 4406 virtus
1769 4327 1849 4407 in
1899 4354 1991 4411 co

597 4442 683 4497 re
700 4422 978 4609 ffigplod
1027 4446 1118 4503 ex
1167 4423 1539 4525 praemisfis
1588 4443 1792 4530 patet
1840 4434 1978 4514 effe
2017 4459 2154 4514 un-

597 4545 701 4625 ΡΟ
889 4545 972 4605 e·

3734 372 3847 435 203

2558 468 2612 532 C
2700 466 2761 531 A
2849 465 2898 528 P
2985 467 3043 529 U
3133 465 3195 526 T
3322 462 3479 528 LVI
3492 462 3546 524 1.

2283 547 2498 627 Posscio
2541 548 2808 611 Platonis
2845 546 2915 608 de
2953 548 3155 607 unione
3219 545 3426 607 an'imae
3478 540 3850 607 intellefiivae

2889 628 2968 689 ad
3010 644 3247 709 corpus.

2539 752 2591 813 1.
2636 751 2805 815 Pan.
2847 747 3030 832 quest.
3076 746 3286 814 lxxvi.
3345 769 3454 812 m.
3515 768 3568 812 ι.

2453 875 2520 953 Χ
2578 873 2723 953 hoc
2774 887 3065 967 autem,
3091 872 3165 952 8(
3217 869 3577 956 fimilibus
3627 865 3848 958 ratio-

2500 976 2717 1054 nibus
2794 974 3028 1074 aliqui
3109 974 3379 1070 moti,
3447 978 3876 1077 dixerunt‚‘

2280 1075 2480 1175 quod
2570 1075 2776 1158 nulla
2860 1076 3251 1157 substantia
3323 1077 3846 1165 intellefiualis

2277 1176 2513 1279 potest
2568 1180 2710 1260 effe
2766 1176 3004 1258 forma
3055 1178 3380 1279 corporis
3415 1235 3435 1256 .

2327 1323 2332 1332 ·
2381 1281 2525 1361 Sed
2574 1280 2750 1382 quia
2803 1281 2976 1362 huic
3028 1281 3375 1382 pofitioni
3398 1282 3547 1384 ipsa
3601 1283 3842 1365 homi·

2283 1382 2401 1463 nis
2482 1400 2743 1464 natura
2825 1383 3322 1465 contradicere
3406 1386 3860 1486 videbatur,

2278 1485 2461 1584 quia
2512 1510 2605 1566 ex
2657 1485 2910 1567 anima
2962 1484 3447 1568 intellefiiuali
3480 1541 3508 1583 ‚
3547 1490 3634 1582 ,ἃ
3683 1516 3841 1570 cor-

2277 1611 2453 1687 pore
2505 1588 2796 1670 videtur
2844 1589 2986 1668 effe
3015 1587 3496 1688 compositus3
3546 1592 3840 1692 excogi-

2275 1707 2620 1771 taverunt
2672 1691 3019 1790 quasdam
3045 1689 3202 1769 vias
3234 1715 3362 1790 per
3396 1715 3577 1792 quas
3628 1712 3838 1774 natu·

2274 1813 2441 1868 ram
2491 1792 2822 1871 hominis
2879 1791 3275 1872 salvarent.

2341 1907 2449 1969 “1.
2506 1893 2724 1973 Plato
2769 1892 3006 1993 igitur
3059 1894 3087 1989 (
3143 1893 3224 1972 in
3282 1891 3716 1991 Alcibiade,
3763 1894 3840 1976 8(

2278 1991 2361 2073 in
2414 1992 2758 2075 Phedone
2810 1995 2840 2094 )
2890 1993 3130 2094 posuit
3164 2048 3191 2090 ‚
3241 1994 3317 2074 8(
3367 1995 3518 2092 ejus
3591 1997 3837 2098 sequa-

2276 2101 2399 2174 ce's
2431 2149 2462 2192 ‚
2509 2098 2712 2197 quod
2777 2097 3031 2176 anima
3099 2095 3615 2180 intellectualis
3681 2123 3844 2179 non

2275 2198 2530 2278 unitur
2579 2198 2869 2298 corpori
2919 2197 3102 2277 ficut
3152 2195 3394 2277 forma
3459 2199 3782 2279 materiae
3805 2253 3838 2296 ,

2272 2299 2395 2379 sed
2446 2299 2684 2379 solum
2753 2298 2935 2378 ficut
3007 2317 3256 2380 motor
3327 2301 3595 2381 mobili
3628 2353 3672 2398 r
3729 2297 3840 2381 di.

2269 2426 2484 2496 cens„
2537 2402 2870 2481 animam
2921 2404 3063 2480 esse
3117 2401 3197 2478 in
3248 2425 3599 2503 corpore,
3654 2402 3836 2485 ficut

2267 2522 2493 2584 nauta
2562 2502 2664 2582 est
2727 2503 2815 2582 in
2865 2504 3042 2584 navi
3093 2529 3120 2596 ς
3171 2503 3245 2581 8(
3298 2503 3391 2586 fic
3442 2505 3622 2583 unio
3674 2506 3836 2583 ani·

2267 2630 2409 2683 mae
2476 2604 2552 2682 8(
2619 2604 2950 2704 corporis
3015 2628 3168 2683 non
3240 2605 3413 2683 ess'et
3479 2604 3616 2683 nisi
3701 2628 3836 2705 per.

2263 2703 2695 2783 contactum
2779 2705 3075 2784 virtutis
3125 2757 3154 2799 ‚
3221 2707 3313 2785 de
3395 2729 3547 2804 quo
3623 2705 3835 2807 supra

2268 2803 2303 2902 (
2353 2829 2510 2903 cap.
2563 2827 2772 2906 praec.
2822 2804 2855 2905 )
2902 2802 3184 2886 ditium
3239 2802 3380 2886 est.
3835 2837 3836 2842 Ν

2374 2909 2546 2985 Hoc
2599 2924 2849 2987 autem
2901 2905 3190 2988 videtur
3242 2908 3828 2989 inconvenienS.

2264 3008 2684 3089 Secundum
2727 3010 2930 3090 enim
2952 3010 3375 3111 praedicium
3396 3011 3820 3092 contactum

2261 3135 2417 3191 non
2467 3107 2554 3191 fit
2601 3111 2886 3211 aliquid
2937 3138 3167 3191 unum
3218 3113 3347 3192 lim
3402 3111 3684 3212 liciter,
3739 3133 3826 3196 ut

2261 3211 2291 3309 (
2342 3237 2497 3312 cap.
2551 3238 2757 3313 praec.
2816 3213 2843 3307 )
2894 3212 3256 3294 ostensum
3297 3139 3584 3294 είῗᾸΞκ
3606 3215 3824 3293 unio·

2259 3335 2357 3389 ne
2406 3333 2654 3391 autem
2709 3316 2972 3393 animae
3026 3317 3097 3393 8(
3149 3314 3475 3415 corporis
3552 3313 3638 3395 fit
3690 3316 3818 3393 ho·

2266 3436 2436 3491 mo·
2493 3414 2973 3512 Relinquitur
3025 3414 3250 3512 igitur
3315 3416 3513 3515 quod
3589 3415 3819 3495 homo

2265 3538 2421 3592 non
2491 3511 2581 3593 fit
2650 3539 2881 3592 unum
2970 3513 3398 3614 {impliciter
3448 3569 3477 3608 ‚
3545 3516 3620 3595 8(
3688 3543 3818 3616 per

2260 3613 2710 3714 consequens
2760 3639 2898 3694 nec
2951 3639 3081 3695 ens
3147 3614 3575 3716 {impliciter
3614 3673 3641 3715 ,
3693 3617 3816 3701 sed

2259 3740 2390 3796 ens
2440 3740 2569 3817 per
2619 3717 2991 3798 accidens.

2368 3819 2488 3900 Ad
2555 3819 2699 3901 hoc
2769 3839 3018 3899 autern
3096 3816 3531 3901 evitandum
3601 3819 3813 3902 Plato

2252 3919 2499 4019 posuit
2570 3922 2771 4022 quod
2851 3921 3085 4002 homo
3154 3947 3309 4003 non
3379 3922 3465 4002 fit
3531 3921 3813 4025 aliquid

2250 4019 2740 4122 compositum
2815 4050 2904 4104 ex
2975 4022 3224 4103 anima
3288 4025 3392 4103 8(-
3448 4050 3816 4124 corpore,

2251 4122 2371 4200 sed
2422 4124 2616 4224 quod
2675 4125 2829 4227 ipsa
2913 4126 3163 4205 anima
3230 4142 3441 4205 utens
3499 4149 3812 4226 corpore

2258 4221 2348 4301 fit
2396 4224 2628 4305 homo
2674 4254 2699 4320 τ,
2774 4226 2950 4309 ficut
3003 4231 3251 4306 Petrus
3303 4251 3457 4305 non
3525 4226 3623 4305 est
3677 4227 3812 4308 ali.-

2253 4326 2435 4426 quid
2482 4328 2972 4429 compofitum
3009 4352 3100 4406 ex
3151 4327 3549 4408 bomine&
3600 4326 3812 4410 indu-

2256 4446 2518 4510 mento
2547 4485 2574 4527 ‚
2622 4431 2742 4509 sed
2794 4431 3023 4511 homo
3073 4444 3284 4510 utens
3336 4430 3772 4511 indumento
3794 4488 3818 4509 .

2357 4534 2529 4612 Hoc
2580 4549 2829 4612 autem
2884 4536 3021 4612 effe
3071 4530 3515 4633 impossibile
3578 4533 3809 4613 osten·

2240 4631 2443 4712 ditur
2474 4689 2497 4709 .
2551 4624 2860 4715 Ani'mal
2911 4634 3115 4715 enim
3152 4688 3181 4732 ‚
3231 4633 3307 4713 8(
3360 4633 3588 4714 homo
3641 4634 3803 4712 sunt

2239 4735 2578 4832 quoedam
2629 4735 3040 4835 sensibilia,
3074 4737 3148 4818 8(
3202 4738 3600 4817 naturalia.
3635 4736 3805 4847 l-loc

2236 4852 2487 4914 autem
2537 4860 2692 4917 non
2740 4840 2960 4938 efflet,
3009 4838 3066 4917 fi
3114 4862 3376 4939 corpus
3418 4891 3445 4933 ‚
3517 4837 3589 4915 8(
3634 4859 3802 4951 ‘ejus
3841 4842 3860 4866 ⁶

2234 4950 2479 5038 partes
2527 4964 2684 5028 non
2731 4942 2959 5028 essent
2990 4943 3081 5019 de
3115 4939 3413 5033 effentia
3449 4936 3803 5050 homnis,

2973 5046 3133 5123 Cc
3239 5066 3288 5123 2
3510 5036 3794 5117 &am-
