4597 5696
790 477 819 496 ,
1289 355 3324 482 nour-nivisuzim-uss1.1n.1r.¹

663 557 1073 638 corporum
1139 531 1544 618 caelestium
1621 538 1701 617 in
1774 533 2202 628 excedendo
2292 575 2302 586 -

3749 431 3898 474 2„

2491 526 3206 618 ‚cA-‚Pu‘r
3347 525 3585 593 Lxrx.
3788 423 3863 494 η

649 640 1065 759 qualitates
1118 635 1401 719 aE’tivas
1455 694 1481 737 ‚
1532 641 1605 718 8(
1661 637 1966 740 paffivas
2003 690 2029 732 ‚
2068 636 2200 714 *fed
2303 655 2520 721 Salutio
2571 656 2854 719 mianum
2908 649 3116 736 quibus
3153 650 3340 738 [upra
3384 647 3655 732 pmbaenr
3712 652 3900 754 qua..

652 764 892 849 ‘ettam
930 738 1113 842 ‚ipsis
1164 740 1588 820 motoribus
1618 765 2020 841 corporum
2075 763 2207 852 cap·

664 843 957 924 lestium
1013 897 1039 939 ‚
1092 843 1543 943 inquantum
1617 844 1784 924 sunt
1839 840 2204 941 principia

666 963 921 1025 motus
976 945 1192 1023 rebus
1247 944 1682 1025 viventibus
1733 999 1762 1042 ,
1841 963 2004 1042 quae
2055 966 2215 1021 mo-

670 1066 860 1128 vent
911 1046 982 1124 se
1036 1047 1263 1146 ipsas·
1316 1051 1549 1146 Super
1598 1047 1731 1127 has
1784 1043 2064 1124 formas
2102 1042 2215 1121 in·

671 1149 1081 1227 veniuntur
1131 1149 1296 1227 aliar
1384 1146 1642 1227 formae
1696 1146 1967 1225 similes
2017 1145 2231 1243 supe··

672 1249 998 1329 rioribus
1052 1249 1473 1330 substantiis
1526 1304 1552 1347 ‚
1622 1275 1779 1329 non
1834 1248 2075 1326 solum
2131 1246 2215 1324 in

670 1352 1053 1431 movendo
1105 1406 1132 1445 ‚
1200 1348 1319 1430 sed
1372 1351 1603 1431 e'tiam
1658 1349 2084 1451 aliqualiter
2135 1347 2213 1428 in

670 1454 1261 1553 cognoscend03
1328 1455 1400 1533 8(
1474 1452 1569 1532 fic
1642 1454 1808 1531 sunt
1878 1457 2215 1551 potentes

671 1555 753 1633 in
809 1555 1276 1652 operationes
1348 1554 1440 1634 ad
1494 1580 1677 1654 quas
1730 1579 1868 1631 nec
1919 1551 2212 1651 organi·

674 1681 775 1736 cae
828 1657 1229 1755 qualitates
1316 1654 1670 1757 praediciae
1738 1652 2215 1745 deserviunt3

670 1783 846 1838 cum
889 1758 1358 1855 operationes
1383 1755 1805 1853 hujusmodi
1843 1779 2212 1835 noncom-

648 1860 1024 1959 *pleantur
1107 1858 1241 1937 nist
1297 1857 1669 1939 mediante
1723 1884 1807 1936 or
1858 1884 2007 1936 ano
2056 1881 2217 1935 cor-

672 1960 909 2060 porali
963 2016 990 2055 ‚
1047 1960 1227 2039 ficut
1279 1960 1447 2039 sunt
1500 1961 1764 2040 animae
1868 1979 2215 2038 tutorum

670 2062 1167 2141 animalium:
1225 2061 1493 2143 sentire
1547 2063 1752 2140 enim
1805 2116 1833 2158 ‚
1904 2061 1978 2139 8(
2032 2061 2215 2138 ima-

616 2243 639 2257 ⁴
730 2163 921 2241 inari
978 2190 1130 2241 non
1170 2166 1643 2266 complentur
1678 2160 2222 2268 calefaciendO,

670 2188 743 2344 Ξ(
803 2262 1310 2363 infrigidando
1364 2319 1385 2351 ‚
1469 2265 1644 2343 licet
1699 2266 1851 2343 haec
1905 2263 2044 2341 sint
2100 2288 2218 2340 ne-

672 2366 973 2444 cefl'aria
1076 2366 1167 2445 ad
1238 2365 1572 2444 debitam
1646 2364 1909 2477 organi
1984 2363 2220 2462 dispo-

671 2464 1017 2544 {itionem
1057 2524 1074 2543 .
1161 2471 1395 2568 Super
1445 2492 1706 2545 omnes
1777 2484 2033 2545 autem
2091 2469 2221 2546 has

673 2565 951 2647 formas
1013 2570 1393 2648 invenitur
1432 2567 1669 2647 forma
1713 2566 1966 2647 fimilis
2018 2569 2218 2666 supe-

654 2669 991 2760 rioribus
1048 2669 1510 2764 substantii3‚
1563 2670 1798 2748 etiam
1850 2691 2218 2765 quantum

671 2769 765 2846 ad
819 2794 1054 2867 genus
1105 2771 1566 2870 cognitionis
1622 2824 1648 2866 ,
1700 2769 1905 2867 quod
1959 2767 2057 2844 est
2113 2768 2218 2844 in·

675 2871 1018 2969 telligere
1070 2924 1100 2965 ,
1160 2872 1234 2948 8(
1287 2868 1383 2947 {ic
1438 2869 1555 2948 est*
1592 2889 1859 2968 potens
1916 2869 1992 2944 in
2045 2891 2220 2966 ope·

656 2969 1040 3061 sationem
1099 2994 1262 3069 quae
1315 2971 1742 3070 completur
1780 2969 2051 3068 absque
2103 2997 2217 3048 or-

666 3096 869 3188 gano
918 3072 1661 3169 corporali-omnino
1711 3101 1737 3166 ε,
1783 3073 1858 3151 8(
1915 3071 2069 3151 haec
2122 3071 2220 3154 est

668 3190 925 3253 amma
979 3172 1497 3255 intellefflva:
1558 3200 1731 3253 nam
1788 3174 2229 3274 intelligere·

670 3299 829 3353 non
881 3272 971 3353 fit
1022 3298 1154 3373 per
1203 3301 1573 3376 organum
1609 3277 2030 3373 corporale:
2083 3302 2217 3355 un-

673 3376 770 3453 de
822 3377 1375 3474 oporteth-quod
1420 3378 1500 3455 id
1559 3376 2007 3477 principium
2063 3401 2217 3476 quo

664 3474 908 3554 hano
982 3475 1357 3577 intelligit
1409 3531 1436 3574 ‚
1503 3477 1706 3577 quod
1750 3476 1891 3555 ‚est
1959 3477 2216 3557 anima

669 3574 1183 3672 intelleffiva‚
1233 3581 1306 3656 8(
1357 3579 1655 3658 excedit
1696 3578 2023 3659 materiae
2042 3605 2217 3658 con·

672 3678 1044 3787 ditionem
1100 3681 1569 3779 corporalis,
1620 3706 1773 3758 non
1828 3680 1911 3760 fit
1966 3680 2213 3759 totali-

675 3796 792 3858 ter
842 3781 1462 3880 co'mprebensum
1519 3808 1561 3860 a
1616 3781 1926 3861 materia
1980 3836 2004 3876 ‚
2082 3801 2215 3862 aut

669 3882 743 3966 ei
799 3880 1228 3963 immersum
1267 3937 1295 3980 ‚
1346 3883 1529 3963 ficut
1579 3880 2041 3965 aliae-formae
2065 3910 2221 3970 ma-

673 3983 1009 4063 teriales:
1063 3986 1267 4082 quod
1321 3985 1480 4082 ejus
1534 3988 1871 4086 operatio
1928 3986 2214 4066 intelle-

669 4081 938 4165 Rualis
991 4085 1310 4164 ostendit
1360 4141 1389 4183 ‚
1459 4089 1538 4165 in
1590 4113 1777 4188 qua.
1808 4113 1956 4166 non
2009 4113 2212 4168 com·

585 4216 589 4221 ·
670 4185 1012 4266 munient
1084 4186 1398 4267 materia
1466 4189 1873 4289 corporalis
1909 4245 1929 4266 .
2002 4192 2211 4370 Qssiia

674 4302 930 4365 tamen
987 4288 1226 4386 ipsum
1283 4287 1700 4406 intelligere
1752 4290 2033 4370 animae
2137 4319 2211 4370 u-

666 4408 911 4467 manae
962 4388 1251 4488 indiget
1286 4393 1640 4490 potentiis
1667 4416 1830 4492 quae
1868 4418 1997 4494 per
2017 4418 2210 4495 quae-

669 4486 848 4602 dam
919 4512 1202 4603 organa
1273 4493 1691 4590 corporalia
1760 4492 2206 4594 operantur,

666 4588 959 4668 scillcet
1014 4590 1556 4690 imaginatione
1594 4649 1623 4691 ‚
1672 4595 1748 4674 8(
1798 4595 2062 4688 sensu3
2112 4624 2204 4677 ex

668 4687 822 4771 hoc
874 4689 1031 4790 ipso
1098 4691 1517 4774 declaratur
1582 4696 1792 4795 quod
1862 4698 2209 4779 naturali-

665 4807 781 4872 ter
831 4792 1092 4873 unitur
1162 4798 1457 4893 corpori
1520 4798 1623 4903 ad
1672 4799 2206 4903 complendam

666 4892 989 4996 speciem
1008 4897 1450 4981 *humanam
1477 4953 1498 4975 .

762 5099 1739 5239 &Thanar-Genesroms.
1756 5072 1765 5083 α

2483 729 2491 738 ’
2515 735 2832 821 [abstemia
2885 731 3287 810 intellequalis
3338 753 3449 794 non
3479 730 3651 815 petel!

2714 816 2919 895 corpori
2957 815 3122 890 une‘ri¹
3148 831 3216 876 ne
3245 810 3477 889 soma.

2535 942 2606 1020 Is
2658 953 2915 1019 autem
2965 931 3448 1018 consideratis
3474 987 3505 1033 ‚
3553 942 3712 1022 ‘uon
3764 933 3869 1021 est

2580 1040 2893 1120 difficile
2992 1038 3278 1119 solvere
3360 1061 3528 1138 quae
3598 1055 3872 1122 eontra

2323 1139 2747 1242 pmdiflam
2769 1140 3131 1222 unionem
3153 1141 3194 1219 s
3188 1164 3368 1242 upra
3421 1137 3656 1239 pofita
3669 1141 3867 1222 sunt.

2322 1249 2414 1325 ln
2467 1247 2726 1345 prima·
2764 1244 2975 1324 enim
3028 1243 3318 1322 ratione
3379 1237 3646 1321 falsum
3699 1240 3868 1344 sup·

2317 1348 2874 1447 ponitur:·non
2926 1345 3133 1426 enim
3184 1359 3452 1445 corpus
3503 1398 3532 1442 ‚
3572 1343 3657 1424 8(
3706 1342 3873 1424 ani-

2319 1474 2442 1528 ma
2495 1450 2681 1528 sunt<
2713 1451 2876 1530 duae
2906 1446 3317 1528 substantia:
3342 1440 3517 1527 aflu
3554 1443 3866 1526 existen·
4000 1467 4004 1471 ·

2318 1570 2474 1646 tes,
2528 1552 2647 1629 sed
2700 1577 2792 1630 ex
2823 1552 2955 1631 ‘eis
3008 1551 3300 1630 duobus
3351 1547 3442 1628 fit
3493 1572 3644 1626 una
3696 1547 3862 1626 mb-

2314 1652 2578 1732 stantia
2649 1653 2819 1732 atstu
2871 1649 3241 1733 existens:
3314 1653 3600 1749 corpus
3654 1649 3867 1728 enim

2316 1755 2647 1834 hominis
2681 1781 2834 1834 non
2888 1754 2988 1833 est
3043 1754 3243 1832 idem
3286 1750 3508 1846 aelu,
3563 1750 3867 1850 praesen-

2321 1874 2395 1934 te
2447 1857 2700 1936 anima
2752 1912 2782 1953 ,
2845 1856 2922 1934 8(
2974 1855 3271 1935 absente
3322 1884 3348 1952 3
3434 1852 3556 1932 sed
3607 1850 3873 1955 anima

2321 1955 2507 2036 facit
2567 1959 2804 2056 ipsum
2857 1955 3024 2036 aestu
3078 1957 3255 2038 ess'e.

2426 2060 2657 2159 Quod
2727 2078 2981 2139 autem
3054 2057 3375 2139 secundo
3445 2053 3810 2139 obiicitur
3842 2108 3877 2152 ,

2322 2157 2693 2258 formam,
2744 2162 2819 2240 8(
2857 2160 3254 2241 materiam
3313 2159 3395 2239 in
3448 2157 3718 2238 eodem
3752 2180 3902 2258 ge-.

2322 2286 2498 2366 nere
2565 2260 2944 2341 contineri
2987 2317 3016 2360 ,
3066 2287 3222 2342 non
3290 2261 3386 2340 fic
3440 2267 3707 2340 verum
3776 2256 3882 2339 est

2322 2363 2542 2462 quast
2611 2382 3016 2464 utrumque
3120 2363 3209 2444 fit
3289 2362 3571 2463 species
3649 2360 3877 2439 unius

2324 2464 2610 2566 generis
2664 2522 2690 2563 ‚
2792 2466 2908 2544 sed
2989 2464 3171 2565 quia
3251 2464 3419 2543 sunt
3507 2461 3877 2563 principia

2323 2567 2642 2662 ejusdem
2701 2565 3030 2665 speciei.
3077 2566 3205 2647 Sic
3259 2566 3494 2664 igitur
3562 2562 3879 2642 substan·

2324 2669 2427 2745 tia
2504 2665 3033 2746 intelleRualis
3069 2720 3099 2761 ‚
3165 2666 3241 2744 8(
3327 2689 3597 2781 corpus
3633 2718 3662 2761 ‚
3710 2686 3880 2762 quae

2321 2767 2642 2844 seorsum
2697 2765 3365 2863 existentia,effent
3411 2764 3877 2853 diversorum

2372 2893 2676 2983 enerum
2734 2868 3009 2969 species
3049 2922 3078 2986 2
3128 2858 3353 2969 prout
3429 2869 3794 2949 uniuntur
3840 2920 3874 2970 ‚

2356 2990 2487 3050 unt
2540 2996 2763 3051 unius
2819 2993 3171 3072 generis,
3224 2989 3306 3050 ut
3359 2968 3772 3073 principia.

2432 3075 2613 3152 Non
2686 3091 2944 3154 autem
3005 3091 3316 3173 ‘oportet
3395 3072 3878 3155 substantiam

2320 3173 2909 3263 intellefflualem
2961 3178 3102 3255 esse
3157 3173 3479 3254 formam
3534 3175 3880 3258 materia·

2319 3278 2470 3355 lem
2510 3330 2538 3373 ‚
2589 3278 2945 3380 quamvis
3017 3277 3155 3358 effe
3208 3275 3364 3374 ejus
3417 3274 3503 3355 stt
3576 3276 3657 3354 in
3715 3301 3879 3357 ma·

2323 3378 2509 3456 teria
2560 3399 2724 3472 ‚ut
2778 3379 3002 3458 tertia
3078 3379 3272 3455 ratio
3353 3377 3799 3477 procedebat
3851 3403 3875 3457 :

2321 3504 2477 3558 non
2530 3480 2734 3557 enim
2788 3479 2889 3559 est
2960 3477 3044 3557 in
3099 3476 3414 3557 materia
3484 3477 3668 3558 ficut
3718 3502 3877 3560 ma·

2319 3579 2522 3659 teriae
2578 3581 2921 3663 immersa
2955 3633 2983 3676 ‚
3038 3581 3157 3660 vel
3218 3606 3260 3658 a
3314 3579 3628 3660 materia
3684 3598 3878 3661 tota-

2317 3683 2488 3763 liter
2538 3683 3071 3783 comprehensa
3104 3738 3132 3780 ‚
3183 3681 3304 3763 sed
3357 3682 3513 3764 alio
3565 3683 3795 3763 modo
3843 3733 3879 3783 ‚

2318 3802 2401 3863 ut
2451 3782 2731 3864 dicium
2790 3785 2931 3865 est.

2426 3889 2596 3968 Nec
2623 3906 2887 3969 ,tamen
2939 3912 3070 3989 per
3105 3887 3252 3967 hoc
3300 3884 3507 3989 quod
3557 3884 3878 3967 substan·
3978 3907 3984 3914 ·

2321 3989 2431 4068 tia
2486 3988 3014 4070 intelleflualis
3084 3990 3345 4068 unitur
3412 3989 3714 4087 corpod
3781 4000 3871 4066 ut

2318 4088 2602 4188 forma,
2657 4111 3089 4171 removetur
3158 4090 3363 4190 quod
3437 4117 3484 4171 a
3538 4086 3869 4168 Philoso-

2313 4192 2482 4292 phis-
2550 4192 2835 4273 dicitur
2883 4194 2911 4291 (
2956 4197 3102 4275 Illi
3169 4193 3261 4270 de
3333 4190 3623 4272 Anima
3684 4201 3924 4271 text.·

2311 4318 2591 4373 comm.
2655 4322 2767 4375 rx.
2817 4296 2848 4395 )
2898 4290 3363 4375 intelleflum
3416 4293 3556 4371 effe
3609 4320 3655 4372 a
3706 4316 3867 4373 cor-

2315 4421 2492 4495 pore
2545 4397 3009 4497 separatum:
3060 4395 3136 4475 8(
3178 4394 3278 4475 est
3329 4413 3594 4497 quarta
3646 4394 3866 4481 ratio.

2310 4497 2441 4578 Est
2496 4499 2701 4578 enim
2775 4500 2852 4579 in
2922 4499 3181 4580 anima
3250 4497 3708 4579 confiderare
3783 4497 3924 4613 &⁰

2309 4597 2533 4699 ipfius
2587 4602 2968 4682 efl'entiam
2998 4656 3027 4699 ,
3077 4601 3159 4682 8ο
3206 4602 3619 4701 potentiam
3676 4598 3855 4696 ejus.

2314 4702 2737 4782 Secundum
2808 4703 3193 4807 effeptiam
3269 4703 3574 4804 quidem
3652 4700 3861 4799 suam

2310 4802 2438 4884 dat
2489 4806 2630 4883 effe
2683 4805 2817 4886 tali
2870 4806 3166 4907 corpori
3201 4861 3229 4903 ‚
3279 4804 3679 4886 secundum
3737 4818 3864 4913 po}
3921 4854 3926 4861 -

2250 4978 2257 4983 .
2316 4907 2629 4986 tentiam
2705 4934 2892 4989 vero
2965 4906 3438 5010 operationes
3519 4904 3863 5021 proprias

2242 5070 2253 5085 ,
2311 5007 2587 5092 efficit,
2617 5010 2995 5117 Siigitur
3043 5006 3385 5114 operatio
3418 5030 3685 5105 nntmae
3735 5020 3867 5106 per
3913 5050 3922 5071 ·

3177 5114 3244 5191 F
3303 5107 3348 5190 s
3757 5130 3872 5191 or·
