4597 5696
1341 406 1477 493 nt
1536 425 2119 496 νΕκῐτΑτῈ
2178 428 2909 497 cATHochE
2963 429 3337 497 From*

691 538 1014 619 cundum
1064 535 1465 720 dpropriam
1533 552 1869 616 naturam
1918 591 1945 633 ‚
2032 560 2254 637 quam
2361 538 2680 618 cessitate
2735 535 2898 617 vult
2948 536 3157 618 suum
3230 537 3581 621 ultimum
3632 538 3860 625 finem
3883 536 3927 636 ³3

693 641 1063 745 apprehen
1115 638 1174 719 it
1195 639 1774 741 apprehendens.
1829 637 2255 718 Voluntatis
2360 635 2541 721 ficut
2591 640 2821 719 homo
2870 642 2959 719 de
3012 640 3426 723 necestitate
3498 644 3659 724 vult
3725 645 3930 724 suam

694 744 924 845 igitur
976 740 1250 823 divinae
1302 742 1563 822 relatio
1615 740 1715 819 est
1765 742 1856 820 ad
1899 765 2055 819 rem
2109 766 2262 821 non
2368 741 2942 837 beatitudinem,
2993 768 3129 823 nec
3180 741 3410 844 potest
3462 744 3654 823 velle
3724 748 3934 826 mise-

602 868 611 881 ·
689 845 1131 928 existentem
1170 899 1198 942 ‚
1269 843 1661 925 secundum
1740 844 1939 944 quod
2009 842 2109 921 est
2184 843 2268 921 in
2369 842 2592 921 riam.
2646 845 2785 924 Sed
2838 848 3042 925 Deus
3096 846 3261 924 vult
3313 846 3383 924 se
3436 849 3576 925 esse
3603 846 3779 928 ficut
3826 849 3937 928 ul-

695 949 995 1053 propria
1074 964 1333 1029 natura
1371 1000 1399 1043 ‚
1493 944 1885 1025 secundum
1974 944 2274 1045 aliquod
2376 945 2650 1024 timum
2704 944 2978 1043 finem,
3030 966 3111 1029 ut
3163 972 3252 1026 ex
3304 947 3660 1049 praediffis
3712 951 3935 1051 (cap.

701 1068 1043 1151 tempusa
1098 1065 1173 1128 et
1204 1074 1356 1130 non
1379 1047 1620 1128 solum
1650 1047 2040 1126 secundum
2077 1047 2276 1147 quod
2378 1044 2575 1127 lxxv.
2631 1048 2660 1146 )
2710 1063 2909 1148 patet
2950 1105 2969 1125 .
3026 1050 3452 1130 Necessario
3503 1051 3727 1152 igitur
3775 1053 3941 1134 vult

704 1153 808 1232 est
863 1152 945 1233 in
1016 1155 1186 1231 Deo
1272 1151 1794 1252 cognoscente:
1855 1149 2014 1227 vult
2071 1148 2276 1227 enim
2382 1148 2451 1229 se
2505 1151 2689 1245 effe,
2741 1174 2876 1228 nec
2929 1150 3155 1251 potest
3210 1152 3403 1229 velle
3457 1154 3529 1230 se
3579 1179 3731 1232 non
3783 1156 3943 1234 effe.

706 1254 916 1337 Deu's
993 1279 1154 1334 rem
1225 1279 1385 1354 quae
1457 1278 1611 1331 non
1680 1250 1782 1328 est
1832 1277 2089 1346 nunc-³,
2138 1253 2279 1331 else
2492 1279 2556 1353 3.
2612 1251 2996 1350 Amplius.
3058 1258 3147 1353 In
3196 1254 3657 1354 appetitivis‚
3732 1272 3807 1335 et
3861 1258 3943 1338 in
4036 1300 4043 1305 ·

709 1357 1108 1438 secundum
1179 1356 1479 1454 aliquod
1552 1370 1898 1453 tempus3
1977 1369 2052 1431 et
2124 1379 2277 1433 non
2380 1353 2775 1452 operativis
2808 1407 2834 1448 ,
2887 1352 3058 1431 finis
3110 1353 3529 1437 hoc.modo
3580 1356 3647 1435 se
3702 1357 3951 1461 habet,

699 1459 955 1539 'solum
1006 1458 1213 1554 vult,
1267 1457 1662 1538 secundum
1705 1456 1905 1557 quod
1936 1455 2084 1555 ipse
2112 1480 2279 1534 eam
2384 1454 2562 1535 sicut
2636 1454 3084 1556 principium
3158 1457 3804 1537 indemonstrabile
3871 1462 3953 1541 in

712 1559 1112 1658 intelligit.
2390 1557 2889 1658 speculativis:
2945 1558 3123 1636 ficut
3175 1559 3379 1638 enim
3431 1585 3522 1638 ex
3573 1564 3957 1664 principiis

825 1665 996 1741 Nec
1051 1659 1150 1738 est
1205 1657 1438 1739 fimile
1490 1661 1590 1765 de·
1632 1658 1985 1739 relatione
2038 1658 2285 1739 volen-
2388 1659 2920 1739 concluduntur
2991 1660 3071 1737 in
3149 1659 3609 1767 speculativis
3661 1668 3953 1745 conclu-

715 1759 817 1842 tis
869 1764 960 1856 ad
1011 1762 1332 1840 volitum
1371 1816 1398 1854 ‚
1468 1778 1541 1841 et
1594 1764 1908 1842 creantis
1956 1763 2046 1838 ad
2099 1786 2291 1840 crea·
2392 1760 2665 1856 fiones,
2720 1762 2822 1840 ita
2876 1762 2956 1838 in
3006 1757 3270 1840 afflvis
3306 1817 3332 1859 ‚
3412 1782 3485 1841 et
3537 1768 3961 1865 appetitivis

709 1877 922 1961 tum,
975 1880 1050 1942 et
1105 1862 1437 1942 facientis
1486 1867 1578 1941 ad
1631 1862 1951 1958 faucum,
2003 1880 2131 1941 aut
2168 1864 2291 1946 do-
2394 1863 2583 1941 ratio
2635 1863 2978 1941 omnium
3030 1866 3478 1962 agendorum
3522 1922 3550 1964 ‚
3620 1884 3693 1948 et
3748 1894 3961 1971 appe-

711 1967 910 2047 mini
963 1966 1054 2043 ad
1109 1963 1508 2052 subiefflam
1560 1984 1963 2044 creaturam
2010 1991 2037 2065 ‚²
2115 1989 2287 2041 nam
2392 1964 2782 2047 tendorum
2868 1989 2962 2048 ex
3028 1962 3176 2042 fine
3249 1966 3557 2048 sumitur
3597 2027 3615 2046 .
3687 1973 3828 2050 Sed
3880 1973 3962 2052 in

691 433 718 476 *1
724 440 811 484 100

705 2070 914 2167 ‚velle
968 2066 1068 2146 est
1123 2068 1318 2147 actio
1387 2068 1466 2145 in
1543 2068 1838 2147 volente
1909 2092 2212 2145 manens
2262 2120 2291 2159 .,

721 2173 921 2248 unde
975 2194 1127 2245 non
1178 2169 1550 2268 contingit
1619 2168 1943 2345 intelli‘gi
2015 2167 2293 2267 aliquid

714 2288 929 2349 extra
1000 2266 1308 2347 existens
1359 2288 1589 2364 actu3
1674 2270 1792 2347 sed
1872 2293 2076 2347 acere
2113 2325 2139 2363 ‚
2219 2285 2296 2346 et

715 2395 1011 2465 creare,
1070 2389 1144 2448 et
1195 2372 1599 2470 gubernare
1625 2370 2034 2470 significant
2070 2370 2291 2454 actio-

716 2498 901 2555 nem
953 2471 1424 2551 terminatam
1477 2476 1567 2553 ad
1618 2473 2055 2553 exteriorem
2120 2471 2291 2550 effe·

713 2574 973 2668 stum,
1025 2573 1172 2652 fine
1224 2574 1428 2672 cujus
1478 2574 1856 2659 existentia
1924 2573 2289 2675 hujusmo-

720 2676 803 2757 di
855 2675 1055 2757 actio
1104 2702 1257 2755 non
1309 2679 1539 2779 potest
1591 2676 1913 2779 intelligi
1963 2736 1987 2756 .

959 2808 1056 2892 ⁴c
1140 2829 1204 2893 A
1295 2832 1342 2894 1>
1431 2832 1489 2897 n
1576 2831 1639 2896 'r
1796 2831 2051 2898 Lxxx.

723 2951 907 3036 Quod
955 2957 1114 3018 Deus
1167 2951 1238 3014 de
1293 2956 1587 3034 neceffltate
1626 2957 1761 3018 vult
1799 2956 1970 3035 ficum
2012 2953 2115 3036 effe
2138 2999 2160 3033 ,
2209 2953 2291 3022 <9⁹

1227 3033 1399 3112 suam
1453 3036 1755 3098 bonitatem
1790 3081 1810 3100 .

1024 3158 1083 3216 1.
1129 3155 1292 3217 Part.
1339 3154 1522 3237 quest.
1566 3175 1706 3220 xxx.
1749 3175 1858 3219 art.
1904 3177 1964 3238 3.

710 3282 957 3477 EX
1033 3286 1147 3368 his
1214 3303 1464 3368 autem
1535 3315 1695 3391 quae
1775 3290 1982 3393 supra
2052 3289 2083 3389 (
2133 3314 2290 3392 cap.

934 3389 1184 3484 lxxrv.
1238 3391 1267 3489 )
1317 3390 1593 3471 ostensa
1646 3391 1810 3472 sunt
1861 3447 1890 3488 ‚
1970 3393 2290 3494 sequitur

715 3494 918 3593 quod
974 3497 1175 3573 Deus
1227 3493 1316 3572 de
1368 3495 1778 3575 necestitate
1846 3496 2028 3576 velit
2081 3495 2289 3573 suum

715 3595 913 3688 esse,
963 3613 1039 3674 et
1089 3597 1291 3675 suam
1343 3598 1753 3679 bonitatem
1787 3650 1816 3694 ‚
1887 3622 2026 3679 nec
2076 3595 2292 3697 poffit

722 3697 1175 3774 contrarium
1227 3696 1423 3775 velle
1452 3753 1472 3776 .

839 3823 900 3872 1.
957 3795 1347 3876 Ostensum
1399 3798 1500 3878 est
1552 3800 1755 3880 enim
1809 3801 2045 3902 supra,
2092 3800 2293 3900 quod

722 3897 935 3980 Deus
986 3897 1150 3976 vult
1198 3898 1407 3991 suum
1461 3902 1598 3980 ess‘e
1624 3958 1651 3997 .‚
1703 3920 1778 3983 et
1829 3905 2030 3982 suam
2085 3901 2293 3980 boni-

719 4010 960 4078 tatem
1011 4018 1094 4078 ut
1144 4000 1544 4102 principale
1594 4003 1967 4098 obiean
2011 4059 2037 4101 ‚
2089 4002 2291 4104 quod

720 4097 826 4177 est
880 4099 1012 4179 fibi
1063 4103 1254 4200 ratio
1291 4105 1600 4196 ‘volendi
1654 4107 1798 4186 alia
1828 4127 1856 4184 .·
1922 4113 2028 4188 In
2077 4103 2289 4184 omni

723 4201 958 4302 igitur
1014 4204 1251 4284 volito
1304 4204 1512 4285 suum
1563 4210 1749 4303 esse,
1801 4225 1875 4288 et
1909 4209 2109 4287 suam
2162 4209 2288 4284 bo·

722 4302 1037 4385 nitatem
1095 4306 1297 4398 vult3
1350 4306 1528 4388 ficut
1582 4310 1773 4388 visus
1828 4311 1904 4386 in
1925 4308 2136 4387 omni
2174 4333 2293 4384 co-

725 4404 887 4486 lore
943 4407 1145 4488 videt
1196 4409 1450 4489 lumen
1476 4467 1495 4489 .
1555 4409 1999 4511 Impoffibile
2052 4406 2151 4486 est
2177 4433 2297 4486 au-

725 4524 887 4590 tem
943 4516 1191 4602 Deum
1244 4538 1395 4589 non
1465 4514 1658 4593 velle
1725 4510 2003 4611 aliquid
2054 4506 2224 4588 anu
2275 4535 2295 4581 ε

727 4615 906 4689 ess'et
958 4613 1168 4708 enim
1215 4613 1474 4692 volens
1530 4616 1605 4694 in
1633 4614 1959 4718 potentia
1986 4629 2307 4707 tantum·,

781 4711 927 4784 uod
981 4709 1090 4794 est,
1137 4710 1624 4809 impoffibile‚
1674 4742 1848 4807 cum
1902 4717 2111 4795 suum
2150 4713 2304 4793 vel-

766 4829 807 4881 e
884 4803 969 4881 fit
1038 4807 1247 4882 suum
1319 4811 1506 4886 effe.
1563 4816 1873 4894 Neceffe
1926 4818 2152 4914 igitur
2202 4814 2308 4896 est

725 4907 932 5012 quod
951 4904 1133 4985 velit
1153 4905 1361 4988 suum
1381 4911 1546 5014 ess'e,
1563 4927 1639 4992 et
1658 4914 1859 4993 suam
1880 4917 2315 4996 bonitatem.

825 5037 920 5124 2.
954 5012 1192 5102 Rem.
1246 5010 1597 5146 Quilibet
1657 5014 1916 5104 volens
1905 5067 1965 5136 3
2013 5019 2139 5108 ,de
2187 5043 2319 5136 xie-,q

1357 5207 1395 5229 a..

2395 2062 2856 2168 speculativis
2911 2065 3323 2151 intelleofi‘tus
3393 2069 3481 2147 de
3548 2072 3963 2154 necestitate

2395 2171 2683 2249 assentit
2731 2168 2993 2269 primis
3046 2167 3959 2273 principiisindemonstra-

2399 2270 2670 2350 bilibus
2701 2325 2728 2363 ‚
2778 2292 3095 2369 quorum
3146 2272 3526 2350 contrariis
3578 2273 3787 2352 nullo
3806 2298 3966 2355 mo·

2394 2374 2491 2452 do
2544 2370 2769 2475 potest
2789 2369 3158 2447 assentire.
3215 2373 3422 2470 Ergo
3471 2374 3806 2456 voluntas
3841 2398 3965 2455 ne.

2394 2475 2694 2555 cessario
2743 2471 3045 2550 inhaeret
3093 2468 3229 2548 fini
3279 2472 3551 2553 ultimo
3582 2528 3609 2572 ‚
3676 2495 3757 2554 ut
3809 2504 3963 2558 non

2390 2576 2605 2679 poffit
2624 2573 3075 2655 contrarium
3129 2570 3349 2667 velle,
3376 2591 3452 2655 et
3479 2576 3573 2655 fic
3610 2576 3658 2653 fi
3690 2578 3961 2661 divi‘nae

2395 2676 2779 2758 volufitati
2833 2699 2986 2758 non
3055 2672 3155 2752 est
3223 2673 3407 2757 alius
3492 2677 3661 2758 finis
3731 2706 3960 2780 quam

2401 2779 2738 2884 ipfe‚<de
2770 2775 3197 2859 necestitate
3250 2779 3414 2860 vult
3458 2779 3536 2859 se
3588 2782 3772 2861 effe.
3944 2808 3951 2823 ¹

2502 2911 2577 2982 4.
2649 2881 2918 2963 Adhuc
2954 2937 2975 2958 .
3069 2881 3352 2960 Omnia
3402 2935 3429 2979 ‚
3520 2883 3963 2984 inquantum

2390 2986 2602 3081 sunt,
2650 2982 3134 3062 assimilantur
3190 2987 3399 3080 Deo,
3469 2985 3597 3085 qui
3659 2985 3759 3065 est
3811 2990 3957 3089 pri-

2392 3114 2524 3169 mo
2575 3101 2651 3164 et
2700 3085 3027 3163 maxime
3079 3108 3241 3164 ens.
3298 3088 3580 3166 Omnia
3630 3107 3878 3168 autem
3924 3107 3963 3189 ς

2392 3190 2835 3290 inquantum
2886 3186 3051 3265 sunt
3085 3246 3113 3286 ,
3164 3186 3293 3266 suo
3343 3189 3570 3270 modo
3616 3192 3960 3270 naturali-

2393 3307 2504 3371 ter
2555 3289 2876 3389 diligunt
2928 3288 3137 3369 suum
3188 3290 3366 3367 esse.
3421 3291 3679 3372 Multo
3731 3294 3959 3396 igitur

2390 3392 2627 3494 magis
2683 3396 2886 3471 Deus
2938 3391 3148 3471 suum
3200 3393 3346 3473 ess'e
3392 3392 3637 3493 diligit
3671 3415 3958 3475 natura-

2392 3497 2601 3575 liter.
2658 3497 2950 3574 Natura
3000 3511 3249 3572 autem
3321 3492 3476 3590 ejus
3549 3494 3649 3571 est
3698 3520 3827 3594 per
3878 3496 3957 3572 se

2390 3597 2671 3678 necesse
2722 3599 2910 3689 effe,
2962 3613 3045 3675 ut
3098 3595 3306 3691 supra
3357 3594 3383 3688 (
3435 3617 3587 3691 cap.
3639 3619 3863 3670 x111.
3917 3594 3951 3692 )

2391 3703 2783 3802 probatum
2837 3694 2935 3774 est
2976 3749 2996 3770 .
3053 3699 3252 3772 Deus
3305 3691 3532 3791 igitur
3581 3717 3671 3773 ex
3721 3694 3956 3774 neces?-

2395 3803 2597 3881 fitate
2655 3796 2816 3874 vult
2866 3795 2935 3872 se
2986 3794 3162 3871 effe.

2508 3928 2572 3998 5.
2625 3903 2975 3979 Praeterea
2995 3950 3015 3971 .
3069 3890 3343 3972 Omnis
3394 3891 3750 3994 perfeffio
3790 3952 3818 3995 ‚
3870 3912 3949 3984 et

2390 4000 2678 4085 bonitas
2754 4024 2912 4099 quae
2982 3994 3064 4071 in
3131 3997 3477 4076 creaturis
3546 3996 3648 4076 est
3690 4059 3717 4100 ‚
3787 4006 3960 4083 Deo

2390 4101 2740 4187 convenit
2791 4097 3294 4193 essentialiter,
3347 4114 3430 4177 ut
3479 4100 3684 4200 supra
3734 4102 3761 4201 (
3797 4125 3969 4208 cap:

2389 4232 2711 4288 xxv111.
2767 4202 2793 4300 )
2843 4198 3232 4303 probatum
3282 4198 3421 4280 est.
3479 4203 3810 4303 Diligere
3830 4231 3958 4288 au·

2395 4326 2554 4388 tem
2613 4312 2856 4384 Deum
2879 4359 2906 4399 ‚
2956 4302 3055 4382 est
3110 4303 3393 4384 summa
3443 4304 3798 4405 perfeaio
3849 4331 3963 4388 ra-

2374 4407 2700 4489 tionalis
2749 4422 3137 4500 creaturae,
3188 4431 3363 4484 cum
3412 4432 3540 4507 per
3590 4409 3729 4488 hoc
3783 4421 3969 4510 quo-⁴

2402 4509 2800 4592 dammodo
2831 4514 2999 4589 Deo
3047 4506 3377 4587 uniatur.
3435 4513 3640 4611 Ergo
3690 4510 3771 4589 in
3800 4517 3967 4594 Deo

2401 4611 2869 4693 estentialiter
2919 4608 3019 4689 est
3056 4638 3107 4689 ε·
3147 4634 3225 4694 er
3274 4637 3326 4689 o
3395 4635 3486 4691 ex
3554 4614 3968 4708 necessitate

2403 4714 2654 4818 diligit
2701 4713 2820 4819 se,
2868 4729 2945 4798 et
2982 4695 3091 4797 ‘fic
3141 4738 3191 4794 v
3272 4727 3303 4795 t
3351 4712 3428 4797 se
3477 4714 3771 4844 esti]
3962 4725 3969 4746 .

3802 4837 3813 4860 π
3924 4809 3979 4858 Ἶῗ

3802 5070 3994 5210 c»..-
