4597 5696
696 463 712 475 .
783 414 898 497 138

788 528 971 636 quid
1025 525 1103 601 in
1155 521 1295 598 esse
1350 522 1783 619 producere.

781 682 788 689 -
874 634 994 707 Ex
1069 625 1211 702 hoc
1282 644 1530 701 autem
1622 621 2041 703 confutatur
2150 645 2351 701 error

778 734 1256 831 antiquorum
1329 725 1986 825 Philosophorum,
2040 726 2169 826 qui
2224 751 2354 825 po·

771 839 1051 917 nebant
1133 828 1453 911 materiae
1480 830 1794 908 omnino
1850 830 2132 907 nullam
2183 855 2349 906 cau·

775 941 929 1018 sam
1000 935 1139 1013 effe
1182 988 1208 1027 ,
1340 958 1431 1010 eo
1503 935 1701 1034 quod
1778 933 1859 1009 in
1932 930 2347 1013 actionibus

776 1036 1331 1143 particularium
1386 1035 1766 1134 agentium
1814 1034 2092 1136 semper
2149 1032 2343 1110 vide-

772 1146 952 1222 bant
1020 1137 1301 1238 aliquid
1372 1138 1648 1217 actioni
1733 1137 2178 1237 praejacere3
2262 1160 2353 1213 ex

773 1272 927 1345 quo
980 1243 1415 1342 opinionem
1469 1239 1924 1338 sumpserunt
2003 1240 2352 1317 omnibus

774 1369 1255 1427 communem
1304 1397 1329 1435 ,
1398 1341 1596 1439 quod
1670 1366 1760 1420 ex
1837 1342 2077 1419 nihilo
2158 1341 2349 1422 nihil

771 1450 860 1526 fit
913 1504 939 1543 ,
1014 1448 1211 1545 quod
1265 1444 1566 1543 quidem
1644 1443 1723 1521 in
1796 1444 2352 1542 particularibus

773 1550 1162 1649 agentibus
1216 1570 1475 1623 verum
1532 1545 1682 1623 est.
1743 1547 1862 1622 Ad
1916 1546 2349 1625 universalis

768 1669 1021 1733 autem
1074 1649 1360 1749 agentis
1406 1703 1432 1742 ,
1501 1650 1699 1747 quod
1771 1648 1875 1725 est
1930 1649 2155 1727 totius
2209 1651 2349 1725 esse

767 1754 1147 1847 activum,
1190 1751 1753 1850 cognitionem,
1807 1750 2138 1827 nondum
2193 1776 2347 1850 per-

770 1871 1177 1950 venerant,
1230 1862 1456 1953 quem
1511 1852 1699 1931 nihil
1757 1852 1838 1930 in
1883 1851 2005 1929 sua
2056 1854 2349 1933 actione

770 1959 1319 2059 praesupponere
1376 1957 1653 2036 necesse
1707 1952 1845 2033 est.

1056 2108 1693 2171 CAPUT
1858 2106 2083 2166 XVII.

812 2241 990 2331 Quot}
1031 2242 1230 2302 creatio
1273 2262 1378 2298 non
1424 2237 1496 2313 est
1544 2257 1723 2299 motus
1751 2283 1770 2309 ,
1818 2260 1988 2315 neque
2031 2238 2302 2300 mutatio.

765 2363 828 2429 Ι.
868 2365 1033 2423 Parr-
1078 2358 1261 2439 quaest.
1310 2359 1433 2423 xlv.
1476 2377 1584 2417 art.
1638 2378 1694 2418 2.
1737 2359 1815 2419 ad
1849 2377 1903 2417 2.
1953 2356 2030 2417 <9¹
2080 2356 2346 2434 3.&11.

932 2446 1086 2505 sent.
1130 2439 1256 2519 dist.
1309 2458 1361 2504 1.
1405 2438 1587 2520 quaest.
1645 2458 1692 2497 1.
1735 2459 1842 2503 art.
1895 2457 1947 2496 2.
1996 2436 2074 2499 (9¹
2115 2438 2189 2499 de

1167 2540 1288 2608 pot.
1335 2519 1520 2607 quaeft.
1577 2540 1697 2582 111.
1742 2538 1849 2582 art.
1895 2538 1958 2583 2.

990 2668 1108 2745 Oc
1160 2679 1409 2745 autem
1462 2660 1794 2755 ostens0,
1876 2656 2347 2739 manifestum

1040 2766 1137 2848 est
1211 2769 1408 2869 quod
1486 2765 1629 2843 Dei
1719 2763 2192 2864 afflo‚.quae
2247 2761 2348 2841 est

768 2874 1044 2971 absque
1098 2872 1409 2950 materia
1464 2869 1937 2971 praejacente,
2007 2867 2081 2943 8<
2153 2889 2346 2944 crea-

765 2974 884 3053 tio
931 2988 1240 3051 vocatur
1283 3026 1309 3067 ,
1387 2997 1542 3049 non
1618 2971 1702 3050 fit
1756 2989 2000 3050 motus
2032 3024 2058 3065 ,
2111 2993 2351 3068 neque

761 3074 1137 3167 mutatio,
1190 3073 1480 3174 proprie
1534 3073 1945 3171 loquendo.
2257 3141 2262 3148 .

767 3238 772 3244 .
886 3204 950 3254 1.
1004 3178 1267 3254 Motus
1321 3176 1528 3252 enim
1580 3173 1825 3251 omnis
1858 3227 1884 3267 ,
1942 3171 2060 3251 vel
2116 3188 2350 3251 muta·

760 3278 928 3374 tio,
981 3276 1081 3357 est
1132 3274 1334 3357 atius
1387 3275 1753 3357 existentis
1824 3275 1904 3353 in
1954 3276 2290 3374 potentia
2320 3330 2348 3372 ,

767 3382 1167 3460 secundum
1242 3380 1440 3480 quod
1517 3376 1926 3477 hujusmodi
1992 3436 2010 3453 .
2071 3381 2158 3455 In
2212 3377 2345 3454 hac

769 3499 1020 3563 autem
1072 3480 1365 3562 afflone
1421 3507 1573 3559 non
1627 3478 2015 3580 praeexistit
2068 3478 2347 3578 aliquid

761 3586 855 3665 in
907 3585 1239 3700 potentia
1289 3586 1488 3684 quod
1544 3581 1878 3682 suscipiat
1929 3582 2350 3674 astionem,

769 3705 857 3764 ut
909 3712 1062 3782 1am
1114 3686 1477 3764 ostensum
1529 3684 1628 3762 est
1682 3685 1709 3780 (
1763 3709 1919 3782 cap.
1972 3710 2140 3786 xvi.
2198 3685 2223 3780 )
2281 3688 2347 3763 1-

757 3787 975 3886 -gitur
1023 3813 1178 3864 non
1231 3787 1331 3864 est
1385 3806 1630 3865 motus
1661 3841 1688 3880 ,
1739 3810 1977 3884 neque
2010 3787 2349 3864 mutatio.

781 3913 792 3928 ¹
880 3915 950 3964 2.
1011 3891 1245 3966 Item.
1303 3892 1657 3966 Extrema
1692 3906 1980 3982 motus,
2032 3886 2150 3963 vel
2190 3912 2348 3966 mu-

769 3988 1072 4069 tationis
1122 3991 1392 4068 cadunt
1447 3991 1529 4068 in
1581 3990 1926 4067 eumdem
1979 3989 2343 4068 ordinem:

768 4091 895 4172 vel
948 4093 1122 4194 quia
1177 4092 1339 4171 sunt
1394 4091 1522 4170 sub
1577 4117 1730 4172 uno
1782 4115 2049 4191 genere
2091 4146 2117 4185 ,
2171 4089 2359 4182 ficut
2436 4155 2441 4160 a

771 4197 1132 4273 contraria
1162 4251 1187 4289 ,
1241 4214 1323 4274 ut
1374 4212 1575 4298 patet
1630 4194 1707 4272 in
1764 4212 1972 4273 motu
2002 4217 2349 4292 augmen-

724 4385 742 4405 Ἰ
776 4294 885 4386 ti,
936 4299 1009 4372 8<
1061 4298 1515 4378 alterationis
1552 4351 1579 4392 ,
1646 4298 1721 4376 8(
1793 4295 2188 4374 secundum
2241 4295 2348 4372 lo·

774 4419 948 4513 cum
1002 4397 1295 4476 lationis
1340 4428 1355 4472 ε
1415 4399 1535 4478 vel
1586 4399 1762 4500 quia
1788 4396 2348 4512 communicant

751 4522 858 4575 ‘m
907 4518 1055 4602 una
1107 4517 1436 4597 potenna
1487 4521 1810 4580 materiae
1846 4554 1873 4593 ,
1954 4516 2038 4576 ut
2107 4522 2347 4598 priva·

747 4599 932 4695 ·tio,
981 4598 1057 4677 8<
1109 4598 1350 4678 forma
1406 4602 1486 4680 in
1516 4603 1991 4702 generatione
2015 4654 2041 4695 ,
2092 4601 2167 4678 δε
2190 4623 2346 4678 cor-

773 4701 1119 4801 ruptione
1167 4756 1189 4777 .
1245 4704 1621 4784 Neutrum
1672 4720 1923 4784 autem
1960 4700 2186 4802 potest
2240 4700 2349 4779 di-

773 4801 847 4881 ci
901 4803 984 4880 in.
1054 4803 1423 4883 creatione
1471 4831 1491 4881 ε
1569 4807 1897 4903 potentia
1969 4806 2176 4884 enim
2230 4803 2343 4882 ibi

772 4929 931 4984 non
980 4904 1127 5001 est,
1178 4929 1314 4984 nec
1385 4905 1665 5007 aliquid
1734 4905 2058 5001 ejusdem
2127 4930 2347 5005 gene-

774 5006 924 5109 ris,
972 5009 1201 5111 quod⁴
1232 5007 1824 5113 praesupponatur
1906 5007 2263 5088 creationi
2315 5061 2347 5105 ,

1435 406 1566 468 DE
1634 401 2217 466 VERITATE
2278 399 3003 465 CATHOLICAE
3066 399 3376 466 FIDEI

2455 537 2537 599 ut
2592 522 2982 622 probatum
3057 522 3155 601 est
3208 525 3237 623 (
3305 549 3457 623 cap.
3513 549 3716 625 praec.
3772 525 3799 623 )
3892 527 4039 627 Igi-

2455 641 2573 702 tur
2630 651 2779 739 non
2833 626 2933 703 est
2990 626 3095 708 ibi
3151 652 3389 727 neque
3441 647 3732 723 motus,
3789 653 4029 730 neque

2456 745 2776 805 mutatio
2806 784 2825 805 .

2562 858 2627 929 3.
2686 835 3034 911 Praeterea
3062 889 3080 910 .
3142 836 3230 910 In
3281 832 3488 910 omni
3544 833 3953 912 mutatione
4006 888 4036 928 ,

2448 933 2565 1008 vel
2625 952 2883 1029 motu,
2937 953 3229 1034 oportet
3280 938 3419 1012 esse
3490 934 3768 1033 aliquid
3821 936 4035 1015 aliter

2448 1033 2517 1115 se
2576 1036 2845 1113 habens
2901 1063 3095 1115 nunc
3127 1063 3350 1137 quam
3395 1037 3796 1135 priuszhoc
3822 1040 4027 1115 enim

2457 1136 2691 1234 ipsum
2772 1164 3046 1218 nomen
3122 1140 3559 1218 mutationis
3643 1138 3958 1219 ostendit
4011 1198 4029 1217 .

2460 1239 2617 1316 Ubi
2668 1260 2919 1319 autem
2975 1259 3128 1322 tota
3186 1242 3576 1321 substantia
3630 1242 3735 1318 rei
3804 1243 3881 1319 in
3941 1242 4039 1318 es-

2456 1339 2523 1416 se
2579 1343 3048 1440 producitur,
3104 1371 3253 1422 non
3292 1343 3521 1443 potest
3574 1346 3713 1420 ess'e
3757 1345 4037 1445 aliquid

2456 1442 2653 1522 idem
2707 1439 2924 1523 aliter
2973 1447 3046 1526 8<
3099 1448 3313 1527 aliter
3367 1449 3437 1524 se
3491 1447 3807 1525 habens:
3855 1448 4031 1546 quia

2454 1544 2637 1625 illud
2690 1574 2841 1625 non
2898 1549 3071 1631 esset
3122 1547 3556 1649 productum
3592 1604 3617 1642 ,
3695 1550 3813 1625 sed
3866 1575 4027 1650 pro-

2452 1646 2782 1726 duffioni
2839 1650 3468 1751 praesuppositum.
3529 1655 3713 1729 Non
3765 1649 3864 1727 est
3914 1670 4023 1729 er-

2451 1773 2551 1849 go
2604 1752 2879 1829 creatio
2931 1755 3248 1832 mutatio
3302 1812 3318 1830 .

2555 1880 2625 1950 4.
2688 1856 2993 1932 Adhuc.
3052 1859 3373 1956 Oportet
3424 1856 3621 1956 quod
3703 1872 3949 1935 motus
3998 1911 4027 1947 ,
4084 1883 4093 1891 ·

2451 1954 2568 2031 vel
2646 1958 2964 2036 mutatio
3044 1960 3427 2036 duratione
3522 1964 3875 2057 praecedat
3952 1960 4027 2038 id

2448 2059 2651 2155 quod
2707 2058 2794 2137 fit
2848 2085 2975 2156 per
3029 2061 3518 2138 mutationem
3566 2117 3589 2155 ,
3671 2063 3792 2139 vel
3868 2087 4024 2139 mo-

2449 2176 2671 2237 tum:
2755 2161 2929 2257 quia
3003 2159 3279 2239 sanum
3359 2164 3498 2236 ess'e
3582 2162 3683 2239 est
3754 2163 4028 2262 princi·

2448 2259 2658 2356 pium
2715 2261 2985 2368 quietis
3046 2315 3072 2355 ,
3143 2262 3214 2340 8<
3297 2263 3649 2343 terminus
3690 2281 3949 2350 >motus
4001 2290 4027 2340 ε

2451 2362 2644 2437 unde
2713 2379 3005 2459 oportet
3078 2387 3380 2440 omnem
3483 2366 4032 2460 mutationem,

2450 2461 2591 2537 esse
2644 2479 2982 2560 motum,
3033 2463 3155 2538 vel
3214 2464 3617 2543 terminum
3695 2484 4028 2561 motus,

2450 2562 2577 2661 qui
2635 2562 2731 2640 est
2803 2564 3280 2644 successivus:
3352 2567 3424 2642 8(
3509 2583 3806 2667 propter
3881 2566 4049 2645 hoc·

2451 2667 2647 2763 quod
2701 2664 2830 2759 fit,
2882 2691 3032 2743 non
3086 2663 3185 2742 est
3224 2694 3243 2742 ε
3289 2668 3462 2766 quia
3513 2668 3866 2767 quamdiu
3898 2670 4025 2745 du·

2451 2783 2562 2844 rat
2615 2766 3241 2868 motus„aliquid
3294 2768 3379 2850 fit
3419 2823 3445 2865 ,
3516 2770 3589 2852 8<
3643 2795 3796 2850 non
3846 2768 3947 2846 est
3999 2795 4029 2863 .·,

2455 2868 2533 2946 in
2614 2870 2770 2968 ipso
2837 2889 3085 2950 autem
3157 2873 3479 2951 termino
3545 2891 3789 2952 motus
3838 2927 3865 2966 ,
3940 2872 4019 2950 in

2456 2996 2607 3070 quo
2662 2972 2926 3070 incipit
2975 2972 3182 3070 quies
3218 3029 3246 3069 ,
3317 2977 3463 3070 jam
3535 2977 3685 3053 non
3757 2972 3840 3051 fit
3892 2965 4023 3050 ali-

2454 3073 2675 3171 quid,
2730 3074 2848 3152 sed
2923 3072 3200 3152 fabium
3271 3076 3369 3154 est
3405 3134 3424 3152 .
3510 3080 3600 3155 In
3648 3076 4025 3156 creatione

2453 3192 2700 3254 autem
2757 3201 2905 3253 non
2960 3178 3188 3276 potest
3262 3179 3404 3257 hoc
3485 3180 3623 3257 effe
3670 3207 3689 3257 ε
3742 3177 3916 3278 quia
3968 3174 4022 3253 fi

2451 3277 2604 3376 ipsa
2653 3277 2931 3370 creatio
2981 3281 3413 3378 praecederet
3453 3299 3536 3360 ut
3562 3295 3849 3376 motus,
3899 3277 4024 3357 vel

2450 3381 2816 3474 mutatio,
2869 3399 3240 3478 oporteret
3293 3383 3423 3463 fibi
3498 3382 3842 3483 praestitui
3895 3380 4025 3459 ali-

2449 3484 2649 3581 quod
2680 3479 3083 3576 subjeetum
3110 3541 3135 3579 ,
3185 3486 3381 3584 quod
3401 3484 3499 3560 est
3546 3501 3802 3563 contra
3828 3507 4025 3562 crea·

2451 3583 2672 3663 tionis
2726 3586 3095 3664 rationem
3124 3641 3144 3660 .
3217 3586 3520 3666 Creatio
3589 3585 3815 3682 igitur
3867 3606 4023 3659 non

2460 3684 2561 3764 est
2619 3703 2911 3780 motus,
2963 3709 3201 3786 neque
3253 3685 3610 3764 mutatio·

2738 3844 2793 3906 c
2864 3813 2939 3908 Ἀ
3031 3846 3077 3906 p
3162 3845 3221 3907 u
3310 3844 3371 3904 τ
3534 3838 3803 3906 xv111.

2397 4038 2405 4048 .
2450 3987 2628 4068 ‚Quod
2666 3985 2873 4047 creatio
2914 4008 3022 4047 non
3054 3981 3226 4066 potest
3268 3963 3590 4065 impugnari
3639 4001 3742 4065 per
3777 3984 4020 4052 rationu

2736 4063 3005 4148 sumptas
3043 4090 3111 4129 ex
3151 4085 3362 4163 natyra·
3395 4084 3577 4127 motus
3621 4065 3700 4131 Θ·

3058 4165 3388 4210 mutaturus
3404 4187 3422 4205 .

2618 4289 2683 4368 X
2741 4289 2880 4370 hoc
2932 4308 3180 4407 autem
3232 4304 3531 4407 apparet
3570 4286 3863 4368 vanitas.
3881 4285 4019 4367 im-

2616 4408 2620 4412 ”
2665 4410 3150 4493 pugnantium
3201 4412 3651 4472 creatlonem
3728 4415 3857 4491 per
3906 4414 4016 4467 ra·

2449 4494 2689 4575 tiones
2742 4497 3057 4595 sumptas
3109 4520 3200 4573 ex
3254 4511 3509 4575 natura
3557 4510 3838 4587 motus,
3892 4490 4017 4569 vel

2449 4598 2927 4689 mutationis3
2978 4613 3235 4695 utpote
3259 4597 3457 4698 quod
3507 4611 3799 4694 oportet
3826 4616 4019 4673 crea·

2449 4698 2780 4796 tionem,
2831 4717 2916 4779 ut
2964 4720 3241 4780 ceteros
3295 4715 3540 4778 motus
3574 4750 3601 4791 ,
3667 4695 3788 4772 vel
3857 4720 4018 4773 mu-

2449 4800 2811 4896 tationes,
2862 4803 3001 4881 esse
3057 4801 3139 4881 in
3188 4800 3439 4900 aliquo
3508 4795 3874 4894 subjeEtO,
3937 4797 4014 4873 8<

2450 4905 2650 5002 quod
2699 4922 2992 5005 oportet
3040 4931 3192 4984 non
3245 4904 3382 4980 ess'e
3434 4898 3893 4979 transmutari
3929 4919 4013 4972 in

2448 5007 2617 5106 esse,
2642 5005 2819 5089 sicut
2841 5007 3032 5109 ignis
3054 5005 3570 5088 transmutatur
3595 5003 3676 5082 in
3727 5019 3970 5180 aei-{Im
3989 5051 4012 5072 .

3712 5127 3774 5179 1.
3816 5151 3829 5168 ..
3915 5121 4017 5178 on
