4597 5696
1482 413 3178 497 DISSERTATroPRAEVIA
3742 452 3905 503 χχιχ

716 526 1066 613 veritates
1118 527 1511 612 nonnullas
1564 559 1693 634 per
1744 532 1885 611 sese
1932 532 2162 613 claras
2213 529 2648 633 immediate
2700 526 3143 629 cognoscit,
3191 524 3511 627 aliasque
3560 553 3903 631 praeterea,

714 632 1003 714 lumine
1057 634 1387 736 priorum
1439 634 1881 716 collustratas
1918 691 1939 712 .
2025 641 2285 735 Itaque
2339 635 2479 715 baec
2521 630 2897 747 principia
2942 686 2974 730 .,
3019 628 3499 746 (omnesque
3555 638 3908 722 veritates

705 759 901 849 quas
955 735 1318 816 naturales
1366 739 1861 839 appellamuS‚
1909 737 1939 835 )
1989 736 2223 819 etiam>
2269 736 2543 817 divina
2594 731 2977 852 Sapientia
3052 754 3377 851 continet
3409 788 3451 846 .·
3508 738 3905 841 ,Quidquid

710 837 962 936 egitur
1012 839 1426 921 adversatur
1464 839 1897 943 principiis,
1947 862 2034 920 ac
2084 839 2518 920 veritatibus
2568 839 2662 919 hu
2703 833 2988 951 usmodj‘
3019 888 3049 951 ,⁹
3124 833 3225 938 est
3275 838 3559 918 dzvmae
3608 842 3908 943 Sapien-

715 938 843 1018 tiae
891 941 1335 1022 contrarium
1355 1001 1375 1021 .
1430 954 1599 1024 Non
1655 944 1894 1044 igitur
1943 972 1990 1022 a
2040 950 2200 1024 Deo
2251 941 2390 1041 effe
2426 866 2700 1045 potestJ.
2756 950 2874 1019 Ea
2924 960 3164 1041 agitur
3201 993 3232 1037 ‚
3282 964 3437 1039 quae
3486 967 3573 1053 ex
3622 946 3911 1027 revela..

711 1040 921 1122 tione
988 1041 1258 1159 divina
1330 1067 1464 1149 per
1521 1047 1766 1146 fidem
1839 1068 2188 1130 tenentur
2218 1098 2249 1144 ,
2315 1072 2460 1125 non
2516 1041 2813 1149 poffunt
2893 1039 3228 1123 naturali
3310 1042 3711 1138 cognitioni
3774 1047 3913 1149 effi:

718 1166 1127 1224 contraria.

819 1249 1167 1327 Tertium
1220 1250 1497 1353 profert
1549 1251 1857 1335 SanRus
1910 1251 2246 1332 Thomas
2298 1263 2773 1332 momentum
2823 1245 3166 1328 rationis:
3221 1244 3638 1361 Contrariis
3689 1249 3914 1333 ratio-¹

711 1344 924 1429 nibus
957 1405 985 1446 ,
1037 1353 1379 1458 inquiens
1412 1412 1442 1453 ‚
1495 1354 1907 1436 intelleHus
1956 1351 2188 1458 noster
2235 1353 2524 1456 ligatur
2560 1410 2591 1454 ‚
2641 1376 2726 1432 ut
2777 1351 2888 1466 ad·
2923 1350 3094 1432 veri
3142 1350 3626 1466 cognitionem
3662 1372 3911 1455 proce·

721 1451 895 1530 dere
944 1478 1253 1551 nequeat
1291 1514 1310 1533 .
1384 1457 1469 1536 Si
1523 1457 1761 1557 igitur
1811 1456 2188 1538 contrariae
2235 1458 2675 1559 cognitiones
2722 1458 2922 1533 noem
2970 1479 3016 1530 a
3067 1463 3233 1568 Deo
3281 1477 3911 1559 immitterentur,

725 1552 755 1650 (
808 1557 1120 1632 naturali
1173 1560 1425 1655 pervia
1478 1560 1751 1639 lumini
1804 1561 2076 1657 altera,
2125 1560 2201 1637 8(
2248 1563 2478 1641 altera
2527 1555 3000 1638 revelationis
3053 1556 3337 1632 lumine
3383 1556 3679 1653 innixa3
3735 1560 3763 1654 )
3815 1587 3908 1640 ex

724 1653 852 1737 boc
902 1683 947 1729 a
996 1658 1348 1738 veritatis
1401 1663 1811 1759 cognitione
1863 1660 2273 1742 intellectus
2323 1661 2558 1766 noster
2612 1658 3152 1770 impediretur-z
3230 1655 3419 1753 quod
3470 1686 3516 1733 a
3568 1670 3726 1736 Deo
3780 1660 3917 1755 effe

719 1782 864 1832 non
905 1755 1143 1854 potest
1176 1815 1195 1833 .
1249 1760 1656 1840 Baelianum
1710 1764 2192 1840 monstrosum
2246 1780 2755 1842 commentum
2809 1760 2898 1833 de
2949 1758 3120 1833 fide1
3175 1780 3419 1855 pugna
3463 1783 3636 1834 cum
3689 1762 3911 1849 ratio,-

722 1880 821 1933 ne
866 1898 905 1960 ‚—
951 1856 1559 1941 luculentioribus
1609 1865 2064 1962 argumentis
2117 1888 2343 1943 nemo
2396 1862 2700 1963 explosit
2750 1883 3106 1957 umquam
3136 1913 3155 1932 .
3217 1858 3416 1934 Hinc
3471 1866 3649 1937 vero
3700 1862 3914 1943 colli-

722 1958 1048 2057 gendum
1107 1961 1441 2039 Thomas
1497 1965 1742 2041 docet:
1807 1969 2312 2066 Quaecumque
2365 1978 2798 2063 argumenta
2847 1977 3103 2037 contra
3154 1957 3325 2072 fidei
3379 1960 3740 2075 Mys-teria
3780 1989 3909 2062 po-

719 2079 1037 2136 nantur:
1090 2060 1230 2139 baec
1280 2091 1367 2139 ex
1406 2064 1797 2164 principiis
1834 2064 2104 2165 primis
2153 2091 2433 2145 naturae
2484 2063 2750 2144 inditis
2811 2080 2949 2160 per
2978 2060 3070 2155 se
3119 2084 3371 2157 notis,
3447 2063 3759 2161 alusque
3812 2089 3909 2143 ex

718 2159 1153 2238 veritatibus
1210 2166 1659 2242 naturalibus
1692 2222 1718 2261 ‚
1770 2195 1909 2243 non
1963 2166 2154 2244 reae
2194 2167 2578 2267 procedere
2615 2220 2643 2262 ‚
2718 2188 2847 2241 nec
2898 2157 3524 2262 demonstrationis
3570 2166 3740 2276 :vim
3791 2166 3912 2244 ba-

712 2264 916 2341 bere:
952 2260 1098 2357 sed
1146 2264 1279 2341 vel
1329 2263 1464 2359 effe
1500 2267 1828 2347 ‘rationes
1865 2267 2266 2367 probabiles
2300 2325 2328 2367 ‚
2395 2268 2468 2349 8(
2523 2279 2959 2368 apparentes
3013 2318 3044 2362 ‚
3109 2264 3241 2343 vel
3270 2261 3752 2366 sophisticas:
3809 2269 3916 2359 Gi

713 2361 828 2467 fic
878 2364 976 2442 ad
1027 2392 1111 2442 ea
1141 2364 1513 2458 solvenda
1562 2369 1791 2447 locum
1845 2369 2204 2469 relinqui.

827 2470 899 2543 6.
956 2465 1346 2544 Verissima
1401 2466 1760 2549 fatebatur
1809 2472 2074 2551 Baelius
2142 2472 2312 2551 fidei
2366 2469 2777 2551 christianae
2828 2465 3172 2573 mysteria
3217 2522 3245 2563 ‚
3295 2467 3370 2546 &
3420 2467 3920 2553 nihilominus

722 2591 897 2646 cum
955 2569 1270 2646 naturali
1325 2564 1609 2649 ratio'ne
1661 2598 2024 2672 pugnare:
2082 2599 2405 2674 pugnam
2463 2573 2702 2669 hane,
2752 2597 2975 2673 quam
3031 2585 3335 2669 putant,
3384 2571 3769 2650 adsumunt
3810 2573 3920 2651 lo·
4022 2660 4028 2665 ,

726 2695 821 2747 co
872 2668 1222 2768 principii
1280 2672 1585 2768 Deistae‚
1640 2693 1723 2753 ut
1778 2676 1950 2752 inde
2003 2676 2441 2772 conficiant,
2495 2675 2752 2753 eadem
2805 2671 3151 2775 mysteria
3189 2669 3360 2748 falsa
3413 2674 3586 2749 elle.
3647 2674 3916 2753 Fidem

727 2770 965 2866 inter,
1019 2796 1103 2848 ac
1158 2772 1520 2853 rationem
1577 2776 1889 2857 ostendit
1944 2781 2009 2858 A
2072 2778 2324 2878 ninas,
2372 2802 2700 2879 pugnam
2757 2771 3075 2854 exerceri
3108 2771 3428 2851 nullam:
3486 2775 3681 2853 unde
3721 2776 3920 2873 prin·

724 2873 1012 2970 cipium
1065 2871 1358 2975 statuit,
1409 2904 1561 2978 quo
1614 2880 1885 2979 impios
1933 2906 2012 2958 re
2048 2880 2266 2978 ellat,
2323 2879 2842 2985 mysteriorum
2891 2902 2977 2954 ac
3017 2874 3483 2954 revelationis
3513 2876 3911 2957 veritatem

729 2973 1180 3053 inficiantes.
1243 2981 1501 3058 Praeter
1552 2982 1811 3068 divina
1864 2982 2427 3083 intelligibilia,
2473 3007 2635 3082 quae
2688 2976 3003 3058 naturali
3056 2977 3325 3056 rationi
3381 2977 3545 3056 sunt
3597 2981 3852 3079 pervia
3882 3036 3914 3079 ,

731 3075 882 3153 alia
936 3077 1152 3154 docet
1204 3079 1551 3180 distingui
1606 3102 1940 3183 oportere
1981 3141 2009 3183 ‚
2057 3111 2218 3186 quae
2273 3085 2591 3164 naturali
2647 3083 2946 3182 quidem
3001 3079 3269 3157 rationi
3328 3105 3479 3158 non
3529 3082 3918 3160 adversan-

728 3191 898 3271 tur,
951 3175 1117 3288 sunt
1172 3198 1496 3260 attamen
1548 3185 1756 3284 supra
1807 3188 2221 3265 rationem.
2276 3187 2562 3265 Diserte
2615 3185 2721 3264 ait
2773 3185 2901 3263 ille
2954 3181 3218 3282 Capite
3282 3209 3442 3296 1·11.
3496 3182 3751 3284 aliqua
3805 3184 3916 3263 in-

738 3276 1253 3374 telligibilium
1307 3282 1734 3363 divinorum
1788 3287 1942 3364 dari
1978 3342 2006 3384 .,
2086 3314 2239 3385 quae
2289 3290 2614 3367 humanae
2649 3342 2679 3385 ‚
2745 3301 3000 3365 creatae
3055 3308 3147 3360 ue
3213 3285 3555 3384 cnjusque
3608 3285 3920 3367 rationis

732 3378 1037 3480 penitus
1086 3382 1440 3461 excedunt
1492 3384 1910 3485 ingenium:
1964 3389 2037 3465 8(
2088 3388 2351 3488 Capite
2402 3415 2576 3466 v11.
2629 3386 2947 3467 veritati
3054 3386 3214 3482 dei,
3264 3383 3544 3464 tametsi
3597 3387 3924 3466 bumanae

735 3481 811 3559 8<
863 3505 1024 3558 crea
1033 3496 1120 3560 tae
1175 3485 1485 3566 rationis
1534 3487 2003 3590 capacitatem
2055 3490 2469 3590 excedenti,
2519 3517 2660 3567 non
2714 3487 2826 3585 eff
2809 3517 2848 3567 e
2877 3510 3123 3566 tamen
3177 3489 3571 3571 contrarias
3600 3487 3743 3567 five
3772 3488 3922 3592 pri-

733 3608 897 3662 mas
921 3639 950 3681 ,
1000 3582 1149 3663 five
1201 3586 1372 3666 inde
1426 3589 1707 3688 illataS‚
1758 3589 2116 3671 veritates
2164 3589 2439 3671 rationi
2490 3589 2819 3670 naturali
2872 3589 3189 3692 pervias.

847 3687 932 3763 Id
983 3687 1387 3769 veritatum
1438 3716 1669 3791 genus
1723 3693 2041 3791 pertinet
2092 3697 2183 3774 ad
2236 3699 2532 3792 Deum,
2582 3691 2988 3788 cujusmodi
3042 3691 3141 3769 est
3195 3690 3274 3769 in
3330 3691 3445 3772 se.
3501 3693 3734 3792 Atqui
3788 3718 3919 3772 no·

741 3784 993 3866 titiam
1046 3791 1243 3890 Dei,
1291 3791 1694 3890 cujusmodi
1747 3794 1845 3872 est
1900 3797 1979 3874 in
2033 3795 2155 3895 se,
2210 3796 2488 3875 viribus
2539 3794 3199 3875 nativis'obtinere
3255 3820 3406 3873 non
3460 3796 3658 3874 valet
3711 3816 3920 3874 mens

740 3906 1023 3967 creata.
1078 3892 1454 3972 Nativum
1507 3895 1659 3992 ejus
1712 3894 1966 3977 lumen
2025 3897 2574 3978 subministrant
2625 3923 2754 3995 ea,
2803 3923 2961 3997 quae
3013 3894 3200 3974 faffla
3239 3896 3438 3976 sunt:
3494 3913 3737 3977 creata
3794 3898 3926 3977 sci-

741 3988 923 4068 licet
977 3992 1130 4090 ipsa
1183 4019 1611 4096 mens,quae
1668 4021 1795 4097 per
1849 3999 2196 4077 intimam
2249 3999 2773 4078 conscientiam
2828 4001 2898 4075 se
2938 3999 3176 4095 novit,
3198 4022 3282 4076 ac
3316 3995 3675 4079 sensibilia
3730 4023 3922 4099 quae-

741 4114 892 4190 que
945 4093 1193 4175 hausta
1244 4122 1377 4196 per
1430 4098 1703 4177 sensus.
1762 4103 1940 4180 Haec
1991 4127 2213 4199 vero,
2262 4118 2521 4200 utpote
2573 4098 2831 4176 effeRa
2885 4127 2927 4178 a
2980 4103 3146 4176 Deo
3199 4098 3597 4198 produ&a‚
3646 4103 3926 4181 ducunt

738 4190 822 4267 in
874 4191 1190 4290 ejusdem
1242 4198 1797 4299 cognitionem,
1850 4219 2232 4303 tamquam
2289 4203 2542 4300 primae
2594 4200 2852 4280 causae:
2908 4216 2983 4278 at
3035 4201 3332 4298 eadem,
3385 4219 3638 4299 utpote
3691 4204 3924 4282 causae

747 4290 1101 4373 virtutem
1152 4325 1303 4376 non
1354 4302 1843 4401 adequantes‚
1895 4306 2153 4385 ducere
2206 4329 2358 4382 non
2408 4306 2697 4405 possunt
2774 4303 2852 4379 in
2908 4300 3221 4400 ejusdem
3271 4357 3299 4397 ‚
3367 4301 3768 4397 cujusmodi
3826 4304 3927 4383 est
4049 4391 4052 4394 A

745 4388 829 4472 in
882 4391 952 4468 se
986 4451 1015 4490 .,
1066 4400 1409 4478 notitiam
1448 4405 1901 4502 adaequatam
1935 4463 1955 4483 .
2031 4409 2212 4486 Haec
2264 4406 2520 4485 omnia
2597 4407 2936 4483 Thomas
3004 4403 3187 4481 locis
3240 4401 3387 4501 jam
3444 4408 3919 4488 memoratis:

744 4493 1015 4595 quibus
1066 4499 1430 4598 efficitur,
1481 4504 1987 4603 intelligibilia
2040 4507 2290 4586 divina
2345 4509 2501 4587 dari
2552 4505 2915 4604 veriffima
2968 4506 3174 4606 supra
3228 4523 3610 4588 naturam.

847 4598 1306 4678 Eorumdem
1362 4603 1957 4706 intelligibilium
2012 4608 2243 4687 veluti
2296 4610 2450 4689 duae
2503 4606 3040 4708 'distinguuntur
3111 4607 3356 4689 classes
3402 4668 3420 4689 .
3496 4616 3681 4692 Sunt
3733 4610 3926 4710 alia,
4055 4691 4058 4700 .

736 4720 903 4797 quae
954 4701 1432 4780 neceffarium
1483 4730 1752 4785 nexum
1806 4736 1960 4790 non
2016 4710 2295 4788 habent
2345 4735 2518 4788 cum
2569 4727 2829 4789 natura
2876 4739 2893 4789 ε
2951 4710 3067 4790 sed
3121 4737 3205 4790 ea
3262 4728 3514 4792 tamen
3566 4740 3737 4793 cum
3796 4740 3919 4790 na-

745 4797 970 4875 turali
1022 4806 1268 4880 ‘rerum
1320 4802 1575 4884 ordine
1629 4813 1795 4889 Deo
1845 4812 2121 4914 placuit
2174 4836 2311 4911 pro
2360 4811 2493 4890 suae
2548 4812 2931 4913 Sapientiae
3000 4812 3309 4892 confilio
3351 4870 3379 4911 ‚
3453 4840 3588 4916 pro
3642 4818 3775 4895 suae
3828 4837 3918 4890 ue

741 4898 1142 4983 voluntatis
1193 4919 1376 4984 nutu
1427 4905 1777 5006 colligare
1834 4968 1853 4989 .
1936 4913 2196 4993 Praesto
2245 4914 2581 5014 exempla
2637 4915 3028 5014 suppetunt
3079 4915 3156 4991 in
3213 4916 3523 4993 Unione
3577 4918 3781 5016 hypo
3837 4940 3913 4990 a·

738 5001 1036 5105 tica,in
1084 5005 1471 5107 originalis
1523 5011 1803 5110 peccati
1856 5016 2429 5122 propagatione,
2480 5014 2564 5101 in
2599 5016 3142 5117 Redemptione
3184 5017 3445 5098 mundi
3480 5039 3615 5118 per
3664 5015 3916 5130 Jesum

844 5106 1833 5199 SorbocontrchntoTomolo
2787 5116 2838 5199 d
2939 5143 2986 5219 3
3693 5114 3916 5199 Chrl·
