4597 5696
747 409 900 456 xxxx
1526 385 3199 462 nlssBRTATlornAEle

751 504 1147 605 trospiceoe
1201 506 1448 583 Deum
1502 500 1731 602 potest
1758 559 1779 583 .
1832 502 2151 598 ‘I'Cbmae
2203 499 2456 601 accipe
2511 500 2738 580 verba
2787 499 3070 583 ibidem
3118 528 3139 581 t
3217 502 3600 604 Cognoscit
3654 508 3954 607 quidem

751 607 1086 707 Angelus
1139 616 1386 687 Deum
1460 632 1548 685 eu
1621 604 1833 684 nobil
1855 620 1963 706 W
2014 601 2270 706 effeffu
2318 659 2349 702 ‚
2400 629 2617 703 quam
2668 603 2873 683 bomo
2909 632 2929 681 τ
3006 626 3278 703 quanto
3348 607 3507 709 ipsa
3532 609 3984 714 substantia

753 708 1035 808 Angeli
1052 763 1082 805 ‚
1124 728 1263 809 per
1364 733 1532 786 uam
1587 705 1668 785 in
1721 706 1873 789 Dei
1922 704 2417 805 cognitionem
2468 702 2768 786 ducitur
2815 705 3150 786 naturali
3196 709 3613 808 cognitione
3629 763 3659 809 ‚
3707 710 3811 810 el}
3842 714 3896 792 d
3898 714 3954 793 i-

743 810 970 913 gnior
1022 815 1227 891 rebus
1309 807 1765 912 ensibilibus‚
1814 835 1898 890 ac
1944 808 2175 889 etiam
2228 805 2389 912 ipsa
2436 806 2688 887 anima
2712 863 2743 906 ‚
2781 827 2922 910 per
2973 834 3192 907 quam
3245 809 3657 893 intelle-elus
3705 804 3952 896 buma-

754 942 893 1007 ηας
948 911 1028 992 in
1083 912 1233 993 Dei
1282 909 1766 1013 cognitionem
1834 911 2166 1012 ascendit
2208 968 2228 988 .
2257 966 2278 988 .
2311 967 2331 987 .
2355 966 2375 988 .
2429 916 2599 990 Non
2650 933 2898 991 autem
2947 910 3281 990 naturali
3331 913 3741 1013 cognitione
3795 926 3952 996 An-

747 1014 961 1117 gelus
1011 1013 1104 1094 de
1155 1023 1314 1093 Deo
1365 1010 1723 1113 cognoscit
1752 1068 1780 1112 ‚
1846 1011 2031 1115 quid
2080 1010 2182 1114 est
2225 1042 2245 1089 ε
2329 1010 2503 1115 quia
2552 1012 2650 1092 Θ*
2725 1010 2880 1115 ipsa
2933 1010 3351 1115 Substantia
3402 1016 3679 1116 Angeli
3723 1075 3754 1118 ‚
3812 1037 3957 1120 per

757 1145 979 1219 quam
1031 1114 1113 1196 in
1167 1115 1321 1232 Dei
1371 1113 1851 1215 cognitionem
1906 1114 2202 1233 ducitur
2244 1170 2275 1213 ‚
2344 1141 2491 1194 non
2566 1110 2670 1232 eli
2718 1111 3012 1231 effecius
3079 1113 3451 1233 virtutem
3494 1120 3723 1233 faufae
3772 1119 3953 1199 ada-

752 1217 1809 1433 fflssssssgtiffissfflmfflssiss
1817 1216 2400 1434 Ἑέἓιέἳῖῗῖ.
2452 1214 3587 1433 ῗεὲ“ᾳῖεῗιῖὲι“ῗεῖἓέῗιεῖἶ’ἳῖἓι
3609 1221 3955 1423 ἷῗέῗὲῗ

754 1450 852 1503 eu
903 1423 1157 1520 quibus
1205 1419 1522 1499 humana
1551 1475 1579 1519 ‚
1628 1423 1655 1520 (
1706 1422 1781 1499 8<
1830 1420 1977 1499 aha
2027 1437 2269 1500 creata
2320 1442 2804 1521 quecumque
2856 1418 2884 1515 )
2940 1421 3131 1501 ratio
3170 1421 3626 1536 principium
3657 1424 3957 1523 sumit,

761 1520 1092 1622 aliquale
1137 1518 1538 1622 vestigium
1591 1521 1672 1601 in
1702 1521 1797 1619 se
1846 1519 2129 1601 divina
2179 1520 2630 1602 imitationis
2682 1518 3055 1621 retinent,
3103 1522 3464 1604 videlicet
3513 1525 3707 1623 quod
3738 1526 3959 1624 sunt,

756 1624 858 1709 Θ
912 1626 1104 1703 bonae
1129 1621 1327 1721 sunt
1370 1653 1389 1703 :
1443 1622 1557 1703 ita
1603 1647 1854 1704 tamen
1903 1617 2410 1724 imperfeeflum
2457 1675 2487 1721 ‚
2570 1623 2765 1724 quod
2811 1624 2911 1700 ad
2961 1622 3480 1705 declarandam
3527 1624 3749 1729 ipsius
3798 1628 3954 1709 Dei

738 1722 1235 1827 substantiam
1286 1724 1582 1805 omnino
1634 1720 2074 1824 insufficiens
2160 1724 2553 1806 invenitur
2591 1779 2613 1803 .
2692 1730 2986 1812 Habent
3053 1728 3254 1807 enim
3295 1725 3611 1907 ‘festus
3637 1728 3955 1827 suarum

752 1826 1134 1923 causarum
1162 1826 1305 1925 suo
1356 1827 1566 1908 modo
1596 1825 2223 1931 similitudinem,
2270 1853 2437 1906 cum
2486 1853 2708 1926 agens
2755 1850 2934 1926 agat
2963 1824 3111 1929 fibi
3135 1826 3325 1943 Jim
3357 1858 3398 1909 e
3438 1856 3463 1918 ς
3510 1856 3658 1909 non
3707 1853 3958 1913 tamen
4025 1838 4060 1869 ¹·

752 1927 1052 2030 deflui·
1098 1927 1200 2007 ad
1235 1927 1643 2030 perfec‘lam
1694 1928 1986 2030 agentis
2015 1926 2599 2031 similitudinem
2620 1926 2920 2046 semper
2944 1930 3325 2028 pertingit
3346 1986 3366 2008 .
3417 1939 3766 2011 Humana
3818 1930 3959 2032 igi-

753 2052 929 2129 tur,
978 2031 1008 2129 (
1059 2029 1136 2109 &
1182 2047 1421 2110 creata
1474 2031 1502 2128 )
1550 2028 1742 2111 ratio
1791 2032 1891 2111 ad
1940 2030 2528 2130 cognoscendam.
2551 2086 2571 2108 .
2591 2085 2646 2109 ..
2699 2029 3047 2110 divinam
3081 2029 3576 2132 substantiam
3616 2085 3645 2129 ‚
3716 2031 3832 2112 ita
3861 2032 3959 2130 se

756 2132 974 2219 babet
1005 2187 1036 2230 ‚
1105 2131 1299 2230 quod
1345 2133 1445 2211 ad
1492 2161 1655 2212 eam
1695 2130 1935 2236 potest
2006 2130 2289 2232 aliquas
2353 2160 2572 2215 veras
2601 2127 3142 2237 similitudines
3188 2132 3528 2230 colligere
3568 2159 3588 2211 ε
3644 2159 3799 2232 qua
3843 2155 3956 2214 ta-

752 2259 927 2314 men
975 2260 1121 2312 non
1151 2226 1545 2333 sufficiunt
1593 2235 1692 2314 ad
1739 2236 1867 2317 hoc
1911 2292 1933 2314 .
1949 2291 1968 2312 .
1987 2292 2005 2311 .
2027 2288 2049 2311 .
2102 2236 2296 2335 quod
2331 2256 2473 2341 per
2503 2234 2600 2336 se
2647 2232 3024 2316 intelleHa
3068 2234 3711 2337 comprehendatur
3741 2292 3771 2336 ‚
3818 2257 3953 2316 aut

744 2334 957 2441 perc'
1007 2332 1209 2416 iatur
1255 2333 1666 2439 cujusmodi
1716 2334 1824 2438 est
1867 2335 1947 2417 in
1979 2334 2115 2436 se.

872 2354 1082 2518 Idpeas
1131 2438 1421 2519 innatas
1472 2437 1763 2519 invexit
1810 2438 2001 2520 olim
2074 2438 2543 2542 Philosophia
2591 2437 2975 2520 Platonica
3034 2493 3066 2536 ‚
3142 2461 3371 2541 quam
3421 2437 3783 2521 Cartefius
3831 2440 3958 2522 de·

753 2563 975 2623 mum
1024 2537 1485 2623 instauravit.
1554 2545 1723 2621 Imo
1774 2536 2186 2622 Effentiam
2238 2544 2577 2623 divinam
2622 2542 2982 2623 Nicolaus
3011 2541 3622 2623 Malebranchius
3674 2542 3957 2640 statuit,

756 2667 923 2744 quae
969 2642 1211 2722 menti
1261 2659 1517 2724 creatae
1566 2644 1781 2725 unita
1831 2644 2139 2746 seipsam
2193 2662 2602 2748 utcumque
2653 2645 3083 2724 intuendam
3121 2642 3516 2741 exhibeat,
3564 2671 3651 2726 ac
3702 2670 3953 2725 rerum

758 2758 1175 2827 creatarum
1249 2744 1338 2824 fit
1402 2746 1799 2853 archetypa
1851 2747 2016 2829 idea
2060 2802 2082 2825 .
2165 2748 2371 2828 Hinc
2425 2748 2681 2839 lumen
2720 2800 2752 2843 ‚
2817 2747 2846 2846 (
2897 2762 3203 2847 reponat
3252 2746 3670 2846 quispiam,
3722 2748 3750 2846 )
3800 2772 3956 2847 quo

754 2871 978 2928 mens
1030 2864 1273 2929 creata
1321 2850 1700 2951 cognoscit
1726 2907 1757 2950 ‚
1803 2866 1935 2932 aut
1982 2851 2439 2950 cognitionis
2490 2846 2944 2951 principium
2997 2851 3093 2928 ab
3141 2848 3337 2928 hisce
3388 2848 3662 2930 innatis
3714 2850 3952 2951 ideis,

765 2948 895 3029 vel
946 2947 1177 3028 etiam
1227 2952 1321 3030 ab
1372 2951 1700 3031 Essentia
1750 2952 2003 3032 divina
2054 2952 2499 3032 desumitur.
2553 2951 2841 3052 Quidni
2892 2949 3084 3029 ultra
3132 2950 3415 3029 limites
3465 3005 3496 3050 ‚
3545 2977 3731 3052 quos
3778 2977 3954 3034 con·

764 3048 1137 3130 Rituimus
1161 3103 1192 3149 ‚
1243 3050 1386 3129 sese
1435 3056 1866 3153 protendere
1921 3055 2116 3134 vires
2163 3073 2419 3135 creatae
2468 3053 2743 3134 mentis
2791 3052 3090 3131 valeant
3138 3051 3166 3127 ,³
3243 3053 3330 3131 Id
3401 3052 3569 3133 fane
3620 3055 3955 3155 reposue-

745 3150 913 3233 rim
964 3176 1107 3251 ego
1156 3207 1186 3251 ,
1258 3177 1411 3231 non
1460 3156 1605 3233 ess‘e
1655 3181 1919 3235 eorum
1991 3155 2382 3235 confilium
2415 3210 2446 3253 ‚
2568 3155 2646 3235 ui
2719 3151 3130 3253 hujusmodi
3208 3154 3404 3234 ideas
3458 3156 3951 3239 invexerunt.

755 3256 1112 3338 creatam
1163 3272 1497 3335 mentem
1550 3256 1819 3337 intima
1869 3257 2323 3338 conscientia
2372 3256 2525 3359 scip
2555 3282 2679 3336 am
2733 3255 2933 3335 nosse
2963 3309 2992 3355 ,
3041 3253 3364 3336 fatentur
3414 3257 3530 3336 illi
3568 3286 3600 3335 .·
3647 3259 3725 3336 8<
3775 3260 3953 3338 hinc

751 3351 908 3436 fine
959 3355 1187 3435 dubio
1234 3357 1693 3457 cognitionis
1764 3359 1966 3439 illius
2054 3360 2505 3463 principium
2585 3358 2899 3438 sumitur
2931 3412 2960 3454 ‚
3031 3383 3194 3458 quae
3262 3359 3613 3438 naturalis
3661 3357 3811 3452 est,
3862 3383 3951 3439 ae

755 3455 1251 3642 aaran
1302 3462 2648 3645 {ass“signanter
2672 3459 3021 3659 eafae
3052 3457 3952 3655 {zesezzenne

753 3662 1225 3741 efficiendam
1251 3587 1693 3744 pnaturalem
1723 3623 2259 3763 'cognitionem
2295 3716 2324 3755 ,
2375 3687 2549 3741 cum
2602 3660 2925 3759 quodam
2975 3655 3408 3769 commensu
3458 3656 3549 3734 ad
3599 3610 3947 3739 natu'ram

760 3760 842 3839 8:
891 3762 1199 3840 modum
1270 3763 1487 3862 ipfius
1561 3781 1819 3842 creatae
1890 3763 2163 3840 mentis
2208 3816 2235 3858 ‚
2306 3784 2399 3840 ex
2471 3784 2621 3861 qua
2674 3757 3032 3838 naturalis
3103 3758 3426 3856 ejusdem
3492 3760 3947 3860 cognitionis

760 3862 1096 3942 hauritur
1144 3862 1399 3942 lumen
1424 3918 1450 3958 ‚
1504 3861 1959 3962 sumiturque
2009 3860 2460 3962 principium
2499 3919 2521 3940 .
2596 3861 2803 3960 Quid
2856 3859 3061 3939 enim
3138 3859 3236 3938 est
3289 3886 3360 3938 v.
3411 3884 3485 3961 g.
3534 3886 3667 3941 ens
3876 3888 3949 3943 e·

756 3961 1158 4044 fflffimum
1191 4017 1218 4059 ‚
1266 3965 1463 4064 quod
1516 3963 1756 4044 menti
1810 3963 2232 4044 obversatur
2263 4020 2294 4063 ‚
2364 3963 2495 4044 nifi
2549 3986 2663 4044 res
2712 3962 3047 4065 quaedam
3082 4015 3111 4057 ‚
3159 3986 3205 4039 a
3256 3985 3402 4062 qua
3452 3963 3562 4041 im
3705 3963 3950 4070 *estio-

756 4090 893 4149 nes
959 4089 1428 4148 removemus
1507 4091 1687 4168 quas
1739 4067 2149 4148 novimus:
2222 4068 2296 4146 8(
2370 4067 2450 4145 in
2555 4090 2722 4145 uam
2828 4062 3261 4143 erfefflones
3308 4089 3567 4144 omnes
3619 4064 3949 4147 refundi-

742 4193 934 4248 mus
982 4215 1012 4263 9
1080 4177 1263 4269 quas
1313 4168 1395 4246 in
1447 4170 1798 4251 creaturis
1845 4170 2456 4270 deprehendimus
2513 4228 2527 4242 .
2598 4167 2754 4266 Qui
2859 4165 2960 4244 est
3012 4166 3241 4246 etiam
3293 4165 3676 4246 infinitum
3730 4222 3757 4263 ‚
3810 4166 3947 4247 nifi

752 4271 959 4453 2u⁰d
1012 4294 1141 4373 per
1188 4270 1647 4351 additionem
1698 4272 2021 4373 partium
2059 4323 2086 4364 ‚
2171 4289 2300 4349 aut
2349 4265 2889 4371 perfeffionum
2944 4267 3047 4347 ita
3099 4267 3562 4366 concipimus
3595 4321 3627 4364 ‚
3697 4286 3785 4349 ut
3835 4295 3948 4351 ear

808 4397 931 4452 em
982 4372 1066 4451 in
1114 4373 1486 4453 additione
1537 4371 1706 4454 finis
1755 4400 1907 4453 non
1963 4372 2374 4455 innotescat
2412 4372 2440 4447 ἓ
2519 4371 2600 4451 Si
2655 4372 2834 4471 quid
2887 4369 3205 4470 amplius
3256 4367 3574 4470 denique
3629 4371 3952 4452 Philoso-

755 4475 892 4577 phi
943 4473 1182 4554 velint
1206 4528 1234 4568 ,
1283 4473 1617 4556 involuta
1667 4474 1742 4554 8(
1791 4472 2092 4556 confusa
2145 4474 2338 4552 entis
2441 4470 2882 4552 erfefflssimi
2957 4471 3035 4551 8<
3083 4468 3357 4549 infiniti
3411 4470 3623 4551 notio
3665 4472 3946 4570 suerit,

754 4598 988 4678 quam
1039 4575 1291 4655 evolvi
1345 4577 1421 4656 8t
1470 4576 1819 4676 explicari
1876 4592 2253 4678 oporteat,
2294 4574 2367 4653 fa
2445 4602 2488 4653 a
2538 4598 2711 4653 cum
2764 4576 2977 4652 rebus
3030 4569 3477 4652 sensibilibus
3542 4573 3945 4673 creatisque

757 4678 1313 4778 comparatione
1348 4733 1368 4755 .
1440 4681 1620 4784 Quo
1698 4676 1915 4779 pac‘co
1990 4677 2288 4782 insitam
2342 4677 2552 4755 nobis
2605 4675 2946 4754 Thomas
2997 4676 3211 4754 docet
3284 4678 3340 4753 1.
3392 4699 3462 4776 p.
3500 4673 3765 4774 Quaest.
3830 4702 3861 4752 ι
3882 4701 3943 4754 r.

756 4785 928 4863 Art.
992 4807 1022 4857 1
1015 4806 1102 4962 br
1155 4779 1249 4895 ad
1296 4806 1380 4963 di
1421 4782 1807 4895 notionem
1864 4779 2010 4860 Dei
2063 4780 2141 4858 in
2192 4777 2441 4878 aliquo
2491 4775 2895 4875 communi,
2942 4775 3073 4855 sub
3126 4777 3441 4878 quadam
3489 4771 3940 4878 confusione,

758 4907 836 4966 v.
944 4938 962 4959 .
1057 4903 1295 4963 eatttu
1349 4912 1495 4964 ints
1520 4939 1542 4960 .

861 4906 1423 5094 {Omina
1460 5039 1495 5089 2
1541 4986 1743 5092 quod
1790 5008 1882 5075 ex
1932 4981 2048 5083 bk
2097 4980 2568 5084 documentis
2616 4979 2786 5070 fluit
2832 5036 2863 5086 ,
2939 4979 3060 5065 his
3109 4977 3547 5090 proponitur
3593 4977 3859 5162 vgb'riix
3886 5002 3935 5080 a

810 5109 857 5158 ‚s
3861 5103 3939 5161 0-
