4597 5696
668 398 808 451 ‚xx
1498 369 3166 439 DISSERTATIOPRAEVIA

738 478 895 578 pita
947 476 1542 577 compleffluntur
1592 481 1846 557 omnia
1878 536 1905 578 ,
1974 496 2056 558 ut
2109 477 2188 557 in
2260 479 2614 578 exemplis
2663 479 2960 558 latinis:
3015 479 3160 557 alia
3213 496 3462 558 tamen
3515 478 3796 577 integre
3849 472 3929 549 in

730 603 1055 678 graecum
1110 581 1500 676 translata,
1552 582 1696 659 alia
1751 608 1899 659 non
1959 581 2280 680 integra.
2344 587 2428 659 ln
2482 581 2708 659 Libro
2761 581 2979 659 tertio
3002 581 3267 678 Capita
3318 580 3718 675 nonnulla,
3769 599 3930 674 qua:

730 685 988 759 omissa
1040 682 1208 760 loco
1259 684 1386 760 suo
1436 681 1774 778 fuerant,
1842 683 1922 760 in
1991 682 2165 759 libri
2218 684 2416 761 calce
2469 679 2744 777 adjeffiia
2800 683 3142 780 leguntur
3193 740 3212 759 .
3297 684 3499 761 Hinc
3574 684 3685 758 bis
3767 680 3922 754 haec

728 788 1002 879 Verba,
1053 798 1237 863 vivum
1278 802 1360 863 τί
1402 798 1583 875 τρίτα
1624 806 1841 874 βιβλικ
1883 800 1964 863 «ri
2006 797 2329 877 σοφωτάτκ
2370 799 2572 879 Θωμᾰὶ
2613 811 2629 861 :
2684 783 2758 861 8(
2796 783 3110 880 lterum,
3160 800 3335 865 τέλος
3374 800 3453 863 ‘ri
3495 820 3673 873 τρια-υ
3714 800 3761 867 β
3790 811 3928 853 αλιι

730 900 816 961 σέ
857 923 1113 979 μακαρικ
1154 898 1378 979 Θομίὶ.

837 984 1108 1060 Graecae
1160 982 1502 1063 versionis
1556 983 1961 1063 Au6iorem
2017 982 2160 1077 jam
2214 982 2415 1062 vides
2459 984 2927 1065 Demetrium
2981 984 3405 1083 Cydoniam:
3424 1006 3648 1083 quem
3701 978 3933 1057 etiam

731 1081 1034 1161 exhibet
1086 1085 1338 1163 Codex
1393 1087 1648 1186 Regiae
1701 1084 2178 1166 Bibliotheca:
2232 1085 2639 1175 Parisienfis
2693 1091 2881 1187 apud
2939 1090 3393 1166 Echardum.
3446 1088 3639 1164 Cum
3679 1098 3929 1158 autem

731 1184 814 1261 in
867 1185 1261 1262 Codicibus
1311 1241 1339 1282 ,
1389 1187 1464 1264 8<
1516 1190 1706 1288 apud
1758 1193 2360 1266 Cantacuzenum
2388 1242 2415 1281 ,
2463 1187 2748 1268 diciium
2804 1188 3270 1269 Demetrium
3322 1186 3582 1286 legerit
3637 1188 3746 1282 Jo.
3800 1182 3931 1259 Al·

726 1287 976 1365 bertus
1032 1287 1408 1365 Fabricius
1459 1343 1487 1385 ,
1580 1303 1971 1379 ὀκυὸωης
2037 1286 2539 1385 colligendum
2609 1293 2749 1368 esse
2822 1309 3030 1389 putat
3112 1291 3342 1369 Libro
3415 1291 3507 1365 V.
3579 1283 3930 1387 nibli-oth.

733 1389 1011 1465 Graecae
1064 1387 1326 1485 Capite
1378 1389 1629 1466 xl111.
1686 1413 1886 1463 num.
1944 1413 2166 1464 v111.
2220 1388 2323 1467 ita
2362 1392 2828 1470 Demetrium
2890 1393 3128 1489 potius
3156 1389 3650 1490 appellatum,
3703 1408 3932 1483 quam

730 1487 1149 1583 Cydonium
1200 1514 1242 1564 a
1294 1490 1633 1593 Cydonia
1691 1487 1931 1566 Insula
1983 1493 2215 1571 Cretae
2255 1494 2452 1571 &At
2506 1494 2815 1572 Venetis
2868 1493 2948 1572 in
3000 1494 3393 1574 Codicibus
3445 1488 3701 1566 nostris
3755 1486 3931 1563 dici-

732 1605 855 1668 tur
905 1590 1374 1687 DemetriuS,
1428 1605 1806 1673 exosam
1846 1646 1863 1665 .
1940 1592 2135 1669 Utut
2205 1590 2345 1668 sese
2419 1618 2530 1670 res
2611 1595 2943 1680 habeat3
3019 1592 3429 1692 Cydonium
3483 1589 3930 1688 cognomine

732 1691 1038 1790 proprio
1088 1693 1534 1790 appellatum
1590 1692 1806 1769 illum
1859 1692 2305 1771 arbitrantur
2355 1694 2638 1793 aliqui,
2687 1697 2966 1796 aliique
3019 1722 3061 1775 a
3114 1694 3444 1793 Cydonia
3495 1688 3929 1786 Cretae,ubi

728 1792 1197 1871 domicilium
1254 1793 1591 1871 habuerit
1643 1821 1660 1870 :
1733 1791 1989 1891 hisque
2063 1790 2700 1898 Theffalonicensis
2771 1798 3005 1897 patria
3077 1798 3414 1892 auditur,
3489 1794 3562 1872 3<
3613 1791 3726 1871 his
3781 1800 3926 1888 By-

735 1894 1094 1972 zantinus
1152 1949 1180 1989 ,
1254 1913 1338 1974 ut
1388 1897 1742 1972 admonet
1814 1892 2013 1971 idern
2071 1896 2447 1985 Fabricius
2500 1896 2667 1977 loco
2717 1900 2950 1997 citato
2999 1957 3020 1976 .
3124 1898 3343 1978 Lucis
3396 1896 3601 1975 usura
3683 1894 3927 1971 adhuc

733 1992 1108 2075 fruebatur
1159 2023 1360 2075 anno
1422 2001 1635 2096 1384
1695 1997 1908 2073 Hanc
1962 1996 2074 2073 illi
2126 2022 2438 2095 graecam
2512 1999 2915 2078 versionem
2992 1999 3408 2094 adjudicant
3480 1996 3929 2074 Guillelmus

620 2155 625 2159 -
733 2100 1001 2274 Cave,l
1054 2097 1421 2275 Fabdricius
1453 2151 1481 2194 ,
1530 2095 1916 2196 caeterique
1965 2097 2367 2195 Scriptores
2438 2096 2892 2200 frequentius
2942 2154 2962 2178 .
3041 2097 3359 2181 Consule
3433 2097 3855 2177 Echardum
3904 2147 3937 2193 ,

796 2222 870 2275 ui
1006 2220 1134 2277 ura
1233 2215 1433 2278 ocet.
2075 2206 2091 2242 2

737 2221 793 2299 q
849 2303 917 2377 V
966 2355 984 2375 .
1040 2296 1409 2378 Docirinae
1463 2296 1941 2393 solidiffimae,
1987 2298 2063 2377 8<
2114 2299 2376 2399 amplat
2427 2301 2858 2381 eruditionis
2913 2301 3230 2382 Thomas
3281 2296 3719 2401 Aquinatis,
3772 2319 3935 2395 quae

736 2397 825 2479 in
876 2399 1019 2481 hoc
1069 2400 1452 2480 adversum
1505 2399 1846 2478 Gentiles
1915 2424 2132 2500 opere
2186 2398 2471 2502 fulgent
2502 2459 2530 2501 ,
2601 2405 2969 2504 specimen
3042 2402 3385 2481 exhibere
3455 2400 3533 2477 in
3603 2426 3695 2478 eo
3746 2397 3939 2475 mihi

734 2497 963 2582 liceat
1043 2501 1312 2581 summi
1382 2502 1725 2602 ponderis
1796 2520 2234 2604 argumento
2272 2559 2300 2601 ,
2378 2506 2575 2606 quod
2645 2507 3032 2604 negotium
3113 2501 3531 2603 Religionis
3597 2500 3938 2579 revelatae

732 2603 1012 2705 spefiat
1061 2662 1081 2682 .
1140 2604 1338 2685 AEvo
1388 2605 1675 2706 priore,
1722 2628 1808 2682 ac
1862 2604 2256 2684 noviffimo
2307 2626 2700 2705 eruperunt
2753 2608 3090 2686 homines
3143 2605 3416 2705 impii,
3485 2604 3614 2704 qui
3669 2595 3939 2700 Deistae

737 2707 1109 2787 audiunt:
1191 2732 1416 2786 unam
1485 2705 1908 2806 profitentes
1954 2746 1987 2804 ς
2064 2705 2110 2782 si
2183 2708 2287 2786 ita
2355 2709 2654 2808 quidem
2712 2708 2850 2808 fit,
2904 2707 3340 2811 Naturalem
3390 2730 3616 2805 quam
3667 2718 3940 2782 vocant

736 2809 1209 2909 Religionem
1264 2838 1282 2887 τ
1336 2832 1787 2909 omnemque
1843 2807 2281 2888 Revelatam
2338 2809 2788 2890 inficiantur.
2843 2808 3458 2891 Luculentissimae
3512 2807 3940 2908 prodierunt

739 2909 1183 3010 Apologiae,
1237 2937 1396 3010 quae
1452 2911 1703 2990 nobile
1754 2928 2272 3011 argumentum
2326 2913 2646 3011 eleganti
2699 2913 3092 3009 methodo,
3145 2910 3558 2989 eruditione
3600 2909 3936 3006 omnige-

739 3029 840 3091 na
888 3066 918 3107 ,
965 3013 1039 3089 8<
1092 3011 1377 3091 invisio
1433 3011 1806 3090 rationum
1877 3007 2139 3090 robore
2207 3012 2653 3112 pertraGtant
2702 3068 2722 3090 .
2793 3014 2999 3114 Quid
3052 3037 3226 3092 vero
3267 3014 3295 3088 ἓ
3376 3011 3595 3088 Nihil
3675 3010 3934 3109 utique

741 3109 1025 3191 diEium
1046 3167 1077 3210 ,
1127 3116 1327 3291 qaod
1378 3111 1767 3215 ingenium
1819 3115 2139 3192 Thornae
2188 3140 2345 3194 non
2393 3134 2565 3195 ante
2616 3116 3191 3217 excogitaverit,
3254 3111 3646 3217 paucisque
3695 3112 3940 3193 verbis

742 3236 900 3294 non
954 3238 1040 3293 ex
1095 3238 1171 3292 re
1228 3231 1407 3294 erit.

843 3315 986 3395 Rei
1046 3239 1455 3416 gericinam
1510 3314 1745 3395 facere
1797 3316 2074 3418 praestat
2107 3370 2133 3412 ‚
2206 3343 2300 3396 ex
2372 3346 2523 3400 uno
2594 3345 2745 3422 quo
2812 3322 2903 3400 de
2955 3322 3249 3425 agimus
3299 3376 3328 3420 ,
3379 3343 3600 3421 opere
3655 3315 3937 3397 seleffls

737 3416 1208 3517 collefflsque
1261 3419 1717 3500 documentis
1768 3473 1788 3495 .
1894 3423 2009 3499 Ac
2060 3419 2308 3520 primo
2357 3423 2941 3503 constituendum
2985 3478 3012 3520 ,
3079 3442 3352 3501 naturae
3421 3420 3706 3497 lumine
3777 3442 3932 3494 non

738 3546 1000 3600 omnes
1054 3520 1252 3619 posse
1302 3520 1649 3600 veritates
1699 3522 1792 3599 ad
1818 3523 2065 3599 Deum
2118 3523 2564 3622 pertinentes
2618 3522 3123 3602 innotesceres
3241 3523 3384 3598 uod
3435 3537 3698 3598 notum
3730 3542 3935 3596 com-

742 3639 1183 3723 pertumque
1240 3640 1322 3702 ut
1371 3622 1545 3717 fiat,
1596 3623 1743 3702 duo
1798 3621 1961 3702 sunt
2010 3623 2103 3698 ad
2154 3648 2465 3700 examen
2516 3624 2886 3700 vocanda.
2942 3620 3150 3723 ,Quid
3228 3645 3295 3698 tt
3323 3619 3683 3700 naturalis
3720 3619 3941 3720 ratio,

741 3750 1070 3822 quaenam
1123 3721 1280 3825 ejus
1329 3723 1532 3802 vires
1580 3730 1625 3797 Ρ
1682 3722 1823 3799 Illa
1874 3721 2018 3817 est,
2070 3722 2272 3814 cujus
2325 3721 2816 3821 principium,
2869 3723 3066 3821 quod
3120 3721 3347 3801 etiam
3401 3722 3655 3802 lumen
3693 3721 3939 3822 appel·

644 3871 677 3898 2
740 3824 935 3902 latur
985 3824 1080 3900 ab
1131 3824 1298 3901 aliis
1325 3877 1353 3917 ,
1404 3847 1492 3899 ex
1549 3819 1994 3898 sensibilibus
2045 3820 2445 3901 desumitur
2479 3876 2507 3921 ,
2579 3821 2977 3923 creatisque
3030 3827 3278 3902 rebus.
3364 3830 3560 3905 Rem
3610 3841 3936 3902 creatam

738 3923 885 4003 hoc
939 3924 1106 4002 loco
1157 3922 1565 4024 praecipue,
1634 3920 2106 4020 maximeque
2176 3923 2518 4024 intelligo
2568 3939 2892 4003 creatam
2964 3924 3194 4025 ipsam
3263 3944 3593 4005 mentem
3646 3921 3939 4024 ejusque

740 4023 1219 4118 affeffiones,
1272 4050 1449 4125 quas
1500 4022 1776 4102 intimo
1826 4021 2080 4102 saltem
2133 4023 2334 4105 sensu
2374 4080 2400 4119 ‚
2467 4042 2598 4105 aut
2649 4050 2777 4126 per
2828 4027 3355 4107 conscientiam
3428 4027 3576 4105 sine
3629 4027 3862 4106 dubio
3917 4084 3949 4124 ,

741 4127 1025 4206 viribus
1077 4128 1347 4206 nativis
1399 4126 1616 4205 novit
1670 4124 2002 4225 Angelus
2034 4180 2060 4222 ,
2111 4126 2233 4206 vel
2285 4126 2536 4204 anima
2587 4128 2908 4227 separata
2936 4181 2961 4221 ‚
3018 4128 3136 4206 vel
3190 4130 3468 4224 homo,
3520 4148 3738 4230 atque
3793 4133 3947 4204 'ma-

741 4228 859 4327 gis
912 4227 1300 4330 minusque
1352 4228 1673 4328 expressa
1724 4227 2123 4306 reflexione
2171 4230 2372 4312 noss'e
2424 4229 2619 4307 valet
2663 4285 2682 4303 .
2767 4230 2969 4308 Hinc
3042 4230 3376 4311 Thomas
3427 4232 3534 4310 ait
3590 4232 3822 4310 Libro
3877 4233 3934 4307 Ι.

747 4330 1013 4428 Capite
1079 4357 1241 4409 111.
1295 4355 1497 4409 num.
1555 4358 1621 4407 2.
1675 4330 2009 4430 Angelus
2050 4348 2189 4431 per
2217 4329 2441 4427 suam
2471 4327 3007 4434 substantiam,
3056 4355 3280 4430 quarn
3335 4333 3602 4427 novit,
3654 4332 3733 4412 in
3781 4329 3935 4411 Dei

748 4429 1236 4531 cognitionem
1288 4431 1582 4512 ducitur
1648 4428 1976 4510 naturali
2043 4431 2453 4531 cognitione
2504 4458 2523 4508 ε
2594 4457 2996 4532 eorumque
3067 4434 3415 4513 notitiam
3492 4449 3869 4536 comparat
3916 4486 3946 4530 ‚

750 4558 925 4613 cum
980 4534 1245 4633 quibus
1295 4533 1820 4633 cognationem
1873 4531 2135 4628 habet,
2186 4549 2315 4612 aut
2364 4533 2802 4612 relationem
2837 4591 2857 4611 .
2912 4540 3049 4614 Par
3100 4534 3197 4612 est
3251 4538 3516 4616 animae
3568 4537 3945 4640 separatae,

750 4634 827 4713 &
879 4635 1205 4714 hominis
1257 4637 1484 4714 ratio:
1538 4659 1622 4711 ac
1677 4647 2016 4747 praeterea
2069 4634 2480 4714 intelleblus
2529 4634 2751 4736 nostri
2783 4635 3186 4733 secundum
3238 4640 3530 4721 modum
3572 4633 3952 4740 praesentis

754 4735 984 4831 vim,
1039 4740 1065 4836 (
1120 4737 1362 4816 verbis
1415 4741 1581 4814 utor
1633 4736 1953 4831 ejusdem
2010 4736 2412 4835 Aquinatis
2462 4736 2628 4815 loco
2680 4735 3006 4834 citat0,)
3056 4740 3369 4837 cognitio
3419 4740 3647 4819 etiam
3694 4767 3743 4817 a
3773 4736 3946 4837 sen·

737 4836 841 4938 su
895 4835 1201 4940 incipit:
1256 4837 1375 4916 vel
1429 4866 1516 4916 ex
1566 4835 1768 4922 rebus
1802 4831 2301 4939 sensibilibus,
2350 4838 2380 4936 (
2433 4856 2517 4917 ut
2564 4839 2669 4918 ait
2719 4840 2980 4939 Capite
3030 4866 3254 4919 v111.
3310 4843 3338 4939 )
3388 4843 3703 4919 humana
3752 4839 3944 4921 ratio

740 4938 1199 5042 cognitionis
1234 4937 1685 5045 principium
1715 4936 1998 5045 sumit.
2051 4940 2435 5031 Naturalis
2486 4956 2667 5044 ergo
2715 4964 2805 5022 ea
2852 4939 3002 5025 esto
3051 4943 3323 5025 mentis
3373 4957 3627 5027 creatae
3692 4937 3949 5058 cogni·

746 5093 757 5098 “
1916 5075 1925 5080 ’
2073 5071 2083 5082 ’
3793 5063 3959 5140 110,
