4597 5696
755 438 836 498 62

751 549 1077 634 lectualis
1126 548 1288 627 aliis
1338 547 1844 647 praeemineat,
1895 549 2096 639 cuius
2148 575 2305 652 per·

756 654 979 733 sectio
1047 650 1146 728 est
1226 648 1699 747 intelligeret,
1774 650 2312 731 nobiliffimum

752 773 1000 833 autem
1075 751 1545 850 intelligibile
1603 754 1802 829 Deus
1872 750 1970 830 est
2011 812 2028 830 .
2109 758 2307 831 Deus

751 857 980 956 igitur
1052 852 1374 932 maxime
1431 852 1501 928 se
1558 851 1792 951 ipsum
1847 853 2230 955 intelligit.

845 957 1031 1036 Hoc
1084 972 1329 1033 autem
1343 953 1789 1049 ,auctoritate
1824 956 2079 1032 divina
2128 980 2302 1034 con-

752 1056 1086 1134 firmatur
1132 1084 1146 1129 ε
1226 1057 1333 1132 ait
1408 1080 1763 1167 namque·
1802 1056 2191 1153 Apostolus
2245 1059 2302 1133 Ι.

752 1162 923 1237 Cor.
989 1184 1099 1236 11.
1165 1180 1275 1234 10.
1329 1156 1528 1254 quod
1565 1155 1884 1253 spirutus
1921 1157 2072 1237 Dei
2105 1155 2311 1254 scru-

752 1280 964 1337 tatur
1012 1256 1242 1339 etiam
1283 1252 1665 1359 profunda
1717 1256 1902 1335 Dei.

987 1457 1050 1517 C
1133 1455 1195 1518 A
1280 1443 1327 1517 P
1413 1453 1474 1518 U
1561 1454 1621 1517 T
1735 1455 2054 1518 XLVIII.

792 1575 968 1662 Quod
1005 1580 1163 1640 Deus
1195 1576 1379 1660 primo
1421 1574 1501 1637 G*
1536 1590 1632 1652 per
1649 1575 1714 1655 fi
1739 1575 1931 1655 solum
1964 1576 2030 1655 se
2068 1574 2256 1657 Ipsum

1360 1653 1629 1735 cognofi-ie
1674 1699 1695 1719 .

1061 1777 1114 1838 1.
1158 1779 1326 1840 Pare.
1370 1776 1555 1859 quest.
1595 1795 1742 1842 xxv.
1784 1795 1894 1840 art.
1942 1791 2000 1853 ς.

919 1961 984 2040 X
1041 1955 1410 2059 praemissis
1459 1973 1708 2038 autem
1759 1973 2056 2057 apparet
2114 1954 2313 2057 quod

968 2065 1167 2139 Deus
1218 2058 1461 2170 primo
1513 2078 1587 2138 et
1635 2083 1764 2159 per
1813 2058 1927 2152 se,
1962 2056 2194 2135 solum
2246 2058 2317 2133 se

755 2162 994 2258 ipsum
1046 2156 1419 2258 cognoscit
1438 2214 1457 2233 .

871 2286 930 2353 1.
987 2257 1123 2334 Illa
1175 2255 1379 2334 enim
1427 2278 1540 2335 res
1593 2254 1827 2332 solum
1897 2252 1996 2331 est
2065 2255 2311 2354 primo

749 2359 827 2439 8<
878 2381 1005 2459 per
1054 2357 1125 2435 se
1175 2354 1269 2433 ab
1325 2351 1702 2436 intellectu
1753 2353 2311 2452 cognita‚cujus

757 2461 801 2538 s
878 2459 991 2538 cie
1080 2456 1432 2557 intelligit
1483 2483 1501 2532 t
1585 2451 1914 2556 operatio
2024 2457 2228 2534 enirn
2281 2509 2311 2551 ‚

755 2484 1009 2639 {germae
1034 2564 1090 2657 ‚‘
1132 2581 1290 2660 quae
1363 2558 1465 2637 est
1531 2555 1970 2659 operationis
2043 2557 2309 2656 princi-

752 2660 969 2842 gelu}
988 2712 1027 2778 ⁹.
1067 2681 1200 2837 pul)
1222 2660 1658 2837 'ortionqtlilii
1715 2712 1734 2735 .
1755 2658 1943 2837 stSeltl
1996 2657 2085 2836 gd
2158 2685 2311 2760 quo

759 2865 882 2942 sua
933 2780 1233 2941 esffiffia
1248 2779 1423 2957 {list
1467 2784 1777 2977 {ipra-e(
1829 2781 1994 2960 ἓαῖᾶη
2034 2783 2314 2960 ΧΙἿνυΞἻ

754 2965 1150 3080 probatum
1200 2961 1299 3037 est
1334 3016 1353 3039 .
1410 2967 1643 3059 Igitur
1693 2960 2157 3038 intellectum
2210 2963 2307 3040 ab

759 3061 920 3162 ipso
970 3063 1214 3162 primo
1263 3060 1337 3137 8(
1388 3085 1514 3161 per
1568 3061 1682 3157 se,
1732 3056 1923 3138 nihil
1973 3058 2073 3136 est
2107 3062 2307 3142 aliud
2368 3146 2377 3154 ,

755 3186 984 3263 quam
1036 3160 1380 3261 ipsemet.

791 3355 796 3362 ,
861 3290 927 3341 2.
1007 3262 1325 3341 Adhuc.
1408 3256 1851 3362 Impossibile
1899 3253 2027 3337 est
2095 3255 2307 3343 simul

756 3365 990 3446 multa
1039 3360 1283 3462 primo
1331 3373 1360 3459 '‚
1408 3362 1482 3439 8<
1536 3384 1661 3462 per
1714 3363 1783 3440 se
1837 3360 2296 3461 intelligere:

754 3490 899 3545 una
949 3466 1154 3542 enirn
1201 3460 1535 3564 operatio
1610 3487 1759 3540 non
1811 3460 2037 3560 potest
2092 3461 2300 3543 simul

752 3564 1006 3645 multis
1025 3560 1361 3643 terminis
1387 3562 1763 3642 terminari
1783 3619 1801 3640 .
1836 3566 2034 3641 Deus
2051 3584 2298 3645 autem

752 3669 1187 3765 quandoque
1263 3666 1332 3743 se
1405 3665 1636 3763 ipsum
1708 3662 2068 3762 intelligit
2104 3718 2131 3758 ‚
2216 3686 2298 3746 ut

754 3769 1146 3867 probatum
1196 3765 1293 3841 est
1344 3765 1550 3864 (cap.
1601 3763 1768 3842 xlvx
1791 3763 1896 3858 1.)
1951 3763 2028 3842 Si
2082 3762 2310 3861 igitur

757 3865 1112 3962 intelligit
1177 3864 1458 3962 aliquid
1530 3863 1727 3950 aliud
1799 3862 1994 3962 quasi
2065 3864 2308 3961 primo

749 3965 827 4046 8<
877 3986 1006 4067 per
1058 3965 1127 4041 se
1171 3964 1620 4043 intellectum
1667 4020 1693 4059 ‚
1767 3978 2063 4063 oportet
2112 3965 2310 4063 quod

753 4063 1164 4146 intellectus
1215 4068 1366 4163 ejus
1407 4076 1727 4145 mutetur
1775 4063 1864 4144 de
1914 4062 2308 4145 considera-

751 4166 957 4246 tione
995 4167 1099 4247 sui
1142 4163 1222 4246 in
1272 4168 1916 4246 considerationem
1968 4165 2306 4247 alterius.
2391 4172 2401 4182 ”
2442 4192 2483 4245 e

753 4267 840 4348 Id
881 4286 1128 4346 autem
1155 4266 1252 4347 est
1305 4292 1394 4348 eo
1448 4265 2028 4369 ignobilius-Sic
2081 4266 2308 4369 igitur

755 4368 1165 4449 intellectus
1197 4370 1504 4454 ,divinus
1548 4385 1870 4451 mutatur
1920 4370 2001 4449 in
2050 4369 2304 4471 pejus}

756 4471 957 4574 quod
1006 4468 1106 4548 est
1163 4469 1598 4570 impossibile
1620 4525 1639 4550 .
2043 4533 2060 4554 2

754 4571 1346 4753 ..ame
1372 4570 1872 4752 {tegata
1896 4567 2317 4754 ὼὲῐῑὲεῆεῑ

757 4697 1389 4874 Deus-gintelligii²
1415 4774 1484 4850 se
1510 4826 1536 4867 ,
1586 4776 1659 4851 8<
1689 4696 1908 4853 ¹aliud⁶
1948 4801 1992 4853 a
2046 4699 2321 4875 segqua-

758 4877 826 4956 fi·
866 4875 1265 4979 principale
1316 4872 1696 4973 objectum
1727 4927 1755 4968 ‚
1806 4875 2103 4954 habebit
2152 4876 2306 4976 plu-

759 5001 880 5062 tes·
941 4975 1464 5064 intellectuales
1531 4974 1986 5079 operationes
2010 5017 2030 5053 ι
2104 4981 2310 5077 Ergo

1318 430 1455 498 DE
1516 430 2109 498 VEMTATE
2163 426 2895 497 CA‘THOLICAE
2941 429 3259 497 FIDEI

2403 548 2525 629 vel
2581 549 2703 628 sua
2754 554 3047 634 essentia
3095 557 3240 633 erit
3292 555 3371 635 in
3424 554 3628 659 plura
3678 559 3997 644 divisa's'

2407 650 2530 728 vel
2581 652 2909 749 aliquam
2985 656 3556 738 intelleflualem
3606 666 3966 761 operatio·

2410 775 2587 828 nem
2660 753 2964 831 habebit
3030 781 3188 854 quat
3257 784 3413 839 non
3484 762 3583 837 est
3636 765 3756 839 sua
3811 766 3967 842 sub-

2407 851 2706 929 stantia:
2761 876 3079 952 quorum
3132 878 3519 962 utrumque
3572 863 3969 962 impoffibi-

2404 951 2475 1030 le
2528 954 2668 1029 esse
2719 954 3213 1034 monstratum
3267 960 3364 1037 est
3431 963 3458 1057 (
3510 986 3663 1060 cap.
3714 963 3964 1042 xlv11.

2403 1055 2477 1131 8<
2527 1054 2674 1131 xlv.
2731 1055 2759 1151 )
2828 1054 3077 1134 Restat
3148 1060 3372 1157 igitur
3442 1062 3627 1139 nihil
3701 1088 3743 1139 a
3802 1064 3968 1143 Deo

2412 1156 2550 1231 esl'e
2602 1156 2985 1252 cognitum
3036 1159 3233 1255 quasi
3287 1161 3530 1260 primo
3580 1163 3663 1238 &¹
3707 1188 3834 1261 per
3885 1166 3965 1243 se

2414 1254 2870 1333 intellectum
2923 1255 3054 1334 nisi
3114 1252 3313 1336 suam
3366 1263 3789 1340 essentiam.
3838 1322 3843 1327 .

2508 1384 2579 1453 4.
2643 1363 2851 1433 Item.
2879 1357 3299 1438 Intellefius
3333 1363 3722 1441 secundum
3735 1365 3977 1543 canii}

2362 1455 2506 1534 ·est
2559 1454 2895 1536 differens
2969 1484 3013 1534 a
3080 1460 3211 1537 suo
3265 1460 3680 1554 intellec'm,

2402 1558 2731 1659 potentia
2782 1559 3110 1655 respectu
3164 1560 3400 1640 illius.
3455 1565 3531 1642 Si
3589 1562 3817 1660 igitur
3840 1564 3972 1642 ali·

2402 1660 2579 1758 quid
2630 1658 2831 1736 aliud
2882 1658 2966 1751 fit
3018 1660 3475 1741 intellectum
3529 1690 3572 1739 a
3606 1667 3768 1741 Deo
3821 1666 3967 1763 pria

2408 1785 2539 1839 mo
2585 1762 2659 1839 8<
2708 1782 2841 1859 per
2895 1759 3011 1854 se,
3065 1761 3397 1861 sequetur
3447 1764 3644 1877 quod
3697 1763 3846 1863 ipse
3875 1765 3964 1844 sit

2408 1860 2488 1936 in
2540 1860 2867 1960 potentia
2918 1858 3241 1961 respectu
3291 1863 3595 1957 alicuius
3637 1864 3960 1959 alterius;

2418 1964 2613 2061 quod
2680 1961 2779 2038 est
2854 1958 3294 2060 impossibile
3346 2018 3374 2059 ‚
3450 1981 3536 2043 ut
3603 1991 3693 2042 ex
3758 1966 3974 2049 dictis

2420 2063 2447 2158 (
2501 2083 2663 2160 cap:
2686 2084 2876 2141 xvx-
2937 2059 2965 2157 )
3015 2078 3246 2162 patet.
3946 2078 3957 2086 ⁴

2523 2185 2583 2255 5.
2638 2165 3023 2237 Praeterea.
3082 2161 3556 2239 Intellectum
3607 2163 3704 2240 est
3740 2162 3974 2262 perfe-

2410 2258 2563 2337 ctio
2612 2257 3132 2357 intelligentis:
3191 2261 3581 2340 secundum
3603 2264 3805 2339 enim
3827 2263 3970 2340 hoc

2417 2358 2826 2437 intellectus
2879 2358 3237 2458 perfectus
3290 2360 3387 2439 est
3415 2364 3613 2460 quod
3662 2378 3829 2440 actu
3860 2363 3971 2440 in'·
4136 2384 4155 2403 ’

2418 2459 2745 2558 telligit:
2819 2462 3014 2558 quod
3082 2459 3383 2559 quidem
3458 2460 3558 2538 est
3649 2486 3776 2561 per
3827 2463 3969 2547 hoc

2412 2562 2607 2659 quod
2657 2559 2757 2638 est
2808 2582 3041 2638 unum
3090 2586 3262 2638 curn
3322 2587 3414 2642 eo
3460 2564 3659 2661 quod
3705 2562 3974 2639 intelli-

2413 2662 2610 2838 gitur
2632 2718 2650 2737 .
2704 2657 2785 2740 si
2834 2661 3066 2758 igitur
3125 2661 3404 2763 aliquid
3455 2663 3652 2741 aliud
3702 2688 3747 2740 a
3801 2668 3969 2741 Deo

2442 2782 2501 2841 lt
2549 2761 2792 2863 primo
2842 2762 3298 2840 intellectum
3366 2764 3460 2840 ab
3514 2758 3672 2864 ipso
3717 2821 3745 2860 ‚
3825 2763 3968 2841 erit

2413 2862 2691 2963 aliquid
2741 2859 2940 2940 aliud
2991 2862 3345 2963 perfectio
3396 2863 3609 2963 ipfius
3645 2922 3672 2963 ,
3748 2866 3823 2942 8(
3875 2889 3967 2943 eo

2408 2964 2760 3042 nobilius:
2869 2965 3014 3043 uod
3064 2964 3163 3042 est
3218 2965 3654 3064 impossibile
3686 3019 3706 3040 .

2518 3068 2588 3140 6.
2646 3063 3027 3163 Ampius.
3084 3069 3200 3142 Ex
3252 3063 3512 3143 multis
3555 3063 3974 3161 intellecti&

2414 3161 2904 3263 intelligentis
2977 3163 3278 3244 scientia
3349 3163 3748 3266 integratur
3781 3223 3801 3243 .
3890 3166 3969 3245 Si

2410 3260 2638 3364 igitur
2692 3264 2854 3343 sunt
2902 3266 3136 3344 multa
3189 3266 3362 3344 scita
3432 3293 3475 3344 a
3544 3270 3712 3345 Deo
3759 3263 3963 3368 quasi

2404 3362 2905 3466 principaliter
2970 3364 3271 3466 cognita
3339 3369 3414 3445 &
3485 3391 3612 3468 per
3665 3366 3735 3444 se
3758 3420 3786 3461 ‚
3864 3367 3964 3445 se·

2401 3466 2649 3581 quitur
2699 3465 2896 3566 quod
2946 3466 3243 3545 scientia
3298 3466 3443 3544 Dei
3496 3459 3581 3544 sit
3631 3492 3721 3543 ex
3772 3465 3957 3543 mul-

2399 3583 2494 3645 τις
2545 3565 2983 3665 composita3
3032 3569 3105 3643 8<
3158 3566 3252 3643 fic
3301 3566 3423 3642 vel
3475 3565 3617 3642 erit
3664 3564 3962 3642 essentia

2398 3668 2652 3745 divina
2726 3664 3122 3764 composita
3160 3717 3187 3757 ‚
3252 3665 3374 3740 vel
3448 3663 3750 3741 scientia
3819 3663 3962 3742 erit

2409 3765 2741 3844 accidens
2796 3769 3000 3841 Deo:
3055 3785 3369 3862 quorum
3419 3782 3809 3863 utrumque
3860 3764 3962 3843 est

2408 3861 3412 4044 ltnsssslszff³¹322r3tfffltfi⁵
3461 3863 3965 4062 <aaran

2408 4062 3009 4245 efflata&
3036 4064 3402 4265 5¹33.ss
3416 4064 3966 4247 &gratati

2407 4291 2628 4370 quam
2685 4267 2805 4346 sua
2856 4264 3238 4347 substantia
3259 4320 3278 4343 .

2507 4393 2576 4463 7.
2637 4371 2896 4448 Adhuc
2924 4422 2942 4444 .
3033 4366 3391 4466 Operatio
3442 4366 3956 4449 intellectuaflis

2406 4469 2719 4570 speciem
2763 4525 2790 4565 ‚
2862 4470 2933 4547 8(
2989 4468 3452 4547 nobilitatem
3521 4470 3740 4549 habet
3776 4525 3804 4565 ‚
3857 4471 3956 4548 se·

2405 4573 2729 4649 cundum
2782 4569 2857 4649 id
2907 4572 3108 4669 quod
3159 4569 3256 4649 est
3309 4594 3436 4671 per
3487 4571 3558 4651 se
3608 4573 3681 4649 8<
3709 4570 3956 4671 primo

2407 4671 2904 4763 intellectum,
2952 4696 3183 4772 quum
3235 4669 3376 4751 hoc
3428 4669 3513 4750 fit
3563 4671 3717 4769 ejus
3758 4669 3954 4764 obje-

2407 4789 2612 4868 ctum
2644 4830 2663 4850 .
2718 4773 2809 4854 Si'
2850 4772 3074 4873 igitur
3127 4775 3327 4851 Deus
3375 4772 3591 4850 aliud
3621 4797 3668 4848 a
3720 4772 3789 4850 se
3841 4773 3952 4849 in-

2408 4873 2770 4975 telligeret
2819 4874 3012 4978 quasi
3069 4898 3198 4975 per
3247 4874 3316 4950 se
3383 4875 3457 4952 8<
3524 4873 3769 4974 primo
3845 4873 3952 4948 in·

2408 4976 2782 5059 tellectum
2805 5027 2832 5077 ,
2883 4976 3033 5077 ejus
3083 4973 3410 5078 operatio
3437 4964 3946 5148 intellectuflik

3830 5092 3955 5171 Pe·
