4597 5696
717 401 852 481 exc

740 542 949 615 erat,
999 519 1096 598 (ΞΤ
1134 515 1459 618 ,spiritus
1510 520 1764 599 redeat
1813 519 1914 598 ad
1935 547 2128 601 eum
2180 518 2312 620 qui

738 621 954 700 dedit
1006 620 1270 699 illum.
1327 618 1641 700 infinitae
1692 622 1919 701 etiarn
1972 621 2138 700 sunt
2188 645 2311 701 au-

732 720 1112 801 fioritates
1187 721 1398 816 sacra}
1472 722 1853 823 Scriptura:
1927 749 2089 825 quae
2171 722 2308 804 irn-

741 824 1272 910 mortalitatem
1321 824 1589 904 animat
1641 825 2121 926 protestantur
2154 881 2174 902 .

1006 976 2036 1060 CAPUT‚Lxxx‚

740 1110 1012 1174 Rationes
1057 1107 1350 1202 probantes
1410 1110 1662 1169 animam
1717 1106 2022 1177 humanam
2061 1131 2300 1177 eorrum-

828 1216 838 1225 ·
1193 1206 1260 1272 pe
1302 1205 1543 1270 con-apro
1583 1206 1791 1270 corpore
1816 1228 1831 1249 .

740 1317 1199 1512 Vldetur
1267 1337 1511 1398 autem
1582 1320 2009 1420 quibusdam
2082 1324 2301 1403 ratio·

1341 393 1481 462 DE
1534 391 2122 464 ‘VERITATE
2181 395 2908 464 CA'rnoticAt
2970 395 3284 462 flor-:1

2412 519 2493 598 in
2546 517 2856 619 speciem
2891 574 2917 613 ‚
2986 514 3479 618 corrumpitur
3505 572 3524 593 .
3593 515 3980 621 Relinqui-

2410 638 2532 700 tur
2583 644 2760 720 ergo
2811 622 3007 720 quod
3059 637 3455 720 antequam
3505 620 3724 697 essent
3750 649 3793 699 a
3818 644 3979 701 cor-‘-

2409 721 2709 824 poribus
2797 722 3130 821 separatae
3171 776 3198 817 ,
3288 735 3498 799 erant
3583 720 3973 802 secundum

2410 824 2450 900 s
2534 822 2728 901 ciem
2801 824 3098 901 diversae
3137 879 3155 898 .
3226 821 3650 920 Compofita
3725 842 3974 901 autem

2433 923 2807 1003 ortiuntur
2859 924 3170 1025 speciem
3208 923 3597 1002 secundum
3632 921 3971 1001 formam.

2406 1028 2613 1125 Ergo
2681 1027 2754 1104 8<
2826 1026 3207 1107 individua
3289 1024 3678 1103 hominum
3769 1041 3976 1106 erant
4052 1042 4074 1053 ·

2403 1126 2794 1213 secundum
2848 1127 3161 1227 speciem
3218 1125 3551 1205 diversa:
3626 1128 3824 1225 quod
3874 1123 3975 1204 est

2401 1229 2966 1308 inconveniens.
3028 1233 3233 1330 Ergo
3284 1228 3724 1327 impossibile
3776 1228 3974 1306 vide·

2405 1349 2524 1410 tur
2574 1332 2773 1430 quod
2820 1332 3083 1409 animae
3163 1332 3501 1409 humanae
3554 1328 3804 1440 multae
3858 1354 3968 1408 re·

999 1425 1214 1502 nibus
1252 1421 1441 1521 posse
1477 1423 1811 1522 probari,
1862 1426 2147 1504 animas
2177 1426 2304 1506 hu·
2404 1451 2754 1516 maneant
2805 1431 2955 1532 post
3007 1456 3356 1530 corpora.

740 1553 997 1609 manas
1027 1549 1174 1602 non
1194 1525 1387 1622 pofl'e
1416 1547 1790 1603 remanere
1812 1524 1966 1624 post
1986 1552 2248 1628 corpus
2282 1585 2303 1606 .

676 1648 723 1714 ,·
856 1658 916 1708 1.
970 1625 1049 1709 Si
1100 1626 1303 1703 enim
1355 1625 1618 1708 animae
1673 1624 2006 1709 humanat
2059 1628 2309 1708 multi-

743 1731 1115 1836 plicantur
1166 1724 1559 1812 secundum
1611 1728 2309 1828 multiplicationem

743 1854 1136 1934 corporum
1179 1884 1204 1921 ‚
1271 1844 1356 1908 ut
1429 1828 1633 1927 supra
1699 1830 1727 1925 (
1797 1856 1948 1930 cap.
2037 1832 2229 1913 lxxv.
2285 1831 2314 1929 )

746 1932 1106 2015 ostensum
1161 1927 1258 2009 est
1297 1929 1760 2012 :destruens
1833 1958 2012 2033 ergo
2062 1958 2313 2035 corpo·

743 2038 1003 2129 ribu3‚
1095 2058 1246 2114 non
1333 2035 1622 2133 possunt
1689 2034 1953 2114 animae
2044 2035 2122 2113 in
2192 2035 2313 2114 sua

743 2136 1217 2223 multitudine
1286 2158 1710 2219 remanere:
1782 2138 1973 2216 unde
2024 2153 2316 2237 oportet

745 2240 1060 2320 alterum
1112 2239 1423 2319 duorum
1477 2236 1727 2337 sequi,
1777 2256 1904 2318 aut
1957 2241 2155 2338 quod
2207 2258 2314 2318 to-

744 2340 992 2434 taliter
1057 2339 1307 2420 anima
1377 2338 1700 2417 bumana
1765 2340 1901 2421 effe
1974 2338 2247 2417 definat
2280 2394 2309 2431 ‚

743 2461 873 2525 aut
922 2442 1120 2544 quod
1169 2456 1541 2522 remaneat
1571 2464 1717 2519 una
1755 2455 2087 2520 tantum:
2110 2440 2310 2537 quod

749 2547 1039 2626 videtur
1090 2544 1225 2621 esse
1280 2541 1667 2628 secundum
1705 2539 2132 2641 opinionem
2188 2565 2306 2618 eo·

748 2673 917 2730 rum
970 2647 1098 2747 qui
1152 2659 1437 2745 ponunt
1463 2640 2018 2742 incorruptibile
2071 2640 2302 2742 solum

747 2752 823 2832 id
875 2749 1072 2853 quod
1123 2744 1223 2824 est
1275 2768 1503 2827 unum
1558 2742 1638 2821 in
1689 2743 2035 2822 omnibus
2072 2743 2310 2823 homi·

749 2854 969 2932 nibus
1008 2878 1032 2943 ς
1101 2847 1245 2928 five
1295 2846 1437 2927 hoc
1488 2844 1573 2924 fit
1625 2843 2039 2926 intellecius
2087 2873 2312 2950 agens

752 2971 1045 3031 tantum
1099 3004 1125 3044 ‚
1195 2965 1278 3026 ut
1349 2947 1768 3039 Alexander
1853 2949 2093 3028 dicit:
2169 2949 2316 3029 sive

749 3077 927 3131 curn
978 3050 1241 3147 agente
1293 3046 1519 3129 etiam
1564 3047 1951 3147 poffibilis,
2004 3066 2086 3127 ut
2119 3051 2349 3136 ‚dicit-

718 3155 1117 3236 ·Averroes
1167 3150 1368 3245 (111.
1421 3149 1512 3226 de
1566 3149 1845 3230 Anima
1871 3175 2142 3236 comm.
2167 3179 2235 3230 v.
2276 3152 2319 3251 ),

753 3286 763 3307 =
854 3280 919 3333 2.
997 3250 1341 3351 Amplius
1378 3306 1397 3327 .
1472 3248 1734 3351 Ratio.
1785 3248 2116 3334 formalis
2206 3254 2377 3346 est

748 3355 961 3438 causa
1014 3351 1444 3433 diversitatis
1494 3350 1884 3430 secundum
1955 3354 2324 3453 speciems
2368 3370 2393 3391 “·

738 3457 888 3541 Sed
942 3455 987 3536 fi
1068 3469 1451 3536 remanent
1494 3452 1770 3569 ‘multae
1846 3455 2316 3558 animaepost

726 3580 1139 3658 ‘corporum
1195 3572 1739 3653 corruptionem
1770 3609 1796 3648 ‚
1850 3575 2141 3658 oportet
2191 3584 2314 3636 eas

751 3663 892 3738 effe
963 3660 1277 3738 diversas
1312 3684 1349 3729 :v
1405 3654 1584 3738 ficut
1655 3656 1859 3734 enim
1942 3660 2137 3736 idem
2211 3659 2314 3738 est

706 3762 945 3861 4quod
995 3759 1092 3837 est
1113 3783 1342 3838 unum
1379 3757 1767 3840 secundum
1823 3757 2316 3855 substantiam,

751 3853 859 3944 ita
911 3861 1189 3939 diversa
1260 3858 1420 3937 sunt
1484 3884 1645 3958 quae
1718 3858 1881 3943 sunt
1932 3860 2170 3956 multa
2216 3862 2312 3940 se-

747 3964 1074 4044 cundum
1126 3959 1587 4041 substantiam
1610 4016 1629 4037 .
1686 3961 1869 4039 Non
1923 3962 2148 4060 potest
2192 3990 2308 4041 au·

743 4081 905 4144 tem
961 4065 1096 4143 effe
1166 4064 1244 4142 in
1308 4061 1690 4145 animabus
1727 4153 1734 4161 .
1765 4065 2311 4143 remanentibus

750 4167 905 4264 post
973 4191 1233 4266 corpus
1302 4160 1673 4243 diverfitas
1725 4162 1857 4244 nifi
1925 4161 2253 4251 formalis
2288 4194 2312 4240 ;

744 4268 1152 4343 nonenim
1204 4264 1366 4345 sunt
1415 4263 1827 4364 εοηιροίῑῑκ
1862 4290 1952 4345 ex
2004 4268 2336 4346 materia.

745 4365 822 4444 8<
874 4363 1156 4464 forma,
1207 4384 1290 4446 ut
1342 4364 1545 4465 supra
1596 4368 1623 4463 (
1674 4391 1829 4466 cap.
1882 4365 1930 4444 1.
1984 4366 2013 4464 )
2065 4370 2316 4467 proba·

748 4485 911 4548 tum
983 4464 1081 4544 est
1157 4467 1246 4543 de
1315 4466 1524 4545 omni
1595 4466 1980 4549 substantia
2033 4467 2314 4550 intelle-

743 4565 970 4647 &nali
1007 4623 1025 4644 .
1082 4567 1555 4665 Relinquitur
1628 4569 1854 4686 igitur
1904 4571 2102 4670 quod
2152 4569 2318 4649 sunt

2517 1562 2582 1634 3.
2640 1534 2902 1612 Adhuc
2955 1591 2974 1611 .
3051 1536 3362 1612 Videtur
3429 1531 3743 1612 omnino
3831 1533 3977 1613 effe

2411 1635 2895 1736 impossibile‚
2948 1634 3335 1718 seeundum
3377 1653 3728 1734 ponentes
3776 1652 3977 1713 aeter-

2412 1737 2718 1816 nitatem
2774 1738 3076 1828 mundis,
3129 1755 3396 1838 ponere
3461 1736 3654 1836 quod
3711 1736 3976 1816 animae

2415 1840 2747 1917 humana
2778 1839 2857 1917 in
2888 1839 3008 1919 sua
3038 1839 3511 1920 multitudine
3547 1854 3978 1918 remaneant
4090 1860 4098 1869 ·

2416 1939 2567 2039 post
2616 1958 2937 2020 mortem
2989 1935 3347 2042 corporis.
3401 1938 3478 2020 Si
3514 1938 3717 2017 enim
3768 1965 3980 2019 mun·

2413 2044 2544 2121 dur
2616 2039 2715 2120 est
2784 2044 2879 2121 ab
2933 2050 3281 2138 aterno,
3349 2058 3594 2120 motus
3677 2038 3981 2121 fuitab

2415 2163 2720 2224 aeterno.
2778 2147 2980 2249 Ergo
3045 2145 3119 2224 8(
3199 2142 3579 2244 generatio
3628 2141 3729 2221 est
3780 2162 3980 2223 aeter-

2413 2270 2545 2323 na.
2598 2247 2741 2325 Sed
2793 2244 2842 2322 fi
2895 2246 3277 2345 generatio
3325 2244 3425 2323 est
3476 2262 3741 2324 aeterna
3788 2298 3818 2341 ,
3870 2246 3980 2324 in-

2411 2344 2606 2422 finiti
2722 2346 3060 2424 homines
3164 2348 3439 2425 mortui
3541 2347 3708 2426 flint
3806 2365 3982 2426 ante

2408 2470 2581 2523 nos·
2635 2448 2713 2521 Si
2764 2469 2944 2520 ereo
3018 2446 3286 2522 animae
3339 2464 3803 2526 mortuorum
3871 2472 3984 2526 re·

2406 2569 2652 2624 maner
3126 2565 3321 2623 rtem
3394 2548 3475 2623 in
3524 2546 3644 2621 sua
3724 2548 3981 2627 multi-

2408 2646 2652 2726 tudine
3126 2646 3362 2727 dicere
3401 2700 3429 2741 ,
3533 2644 3813 2725 animas
3868 2647 3978 2723 in-

2411 2750 2652 2832 finitas
3126 2774 3139 2827 :
3212 2749 3294 2825 in
3363 2744 3530 2826 aEiu
3582 2745 3980 2826 hominum

2410 2853 2611 2954 prius
2679 2877 3140 2932 mortuorum
3186 2906 3205 2928 .
3284 2851 3454 2929 Hoc
3551 2864 3803 2928 autem
3877 2846 3981 2927 est

2399 2953 2898 3054 impoffibile:
2953 2977 3130 3031 narn
3179 2949 3569 3029 infinitum.
3608 2947 3774 3028 adiu
3828 2975 3981 3030 non

2407 3051 2650 3234 W
2669 3055 2804 3136 effe
2833 3053 2912 3132 in
2933 3073 3207 3133 natura.
3232 3050 3709 3151 Relinquitur
3730 3050 3985 3150 igitur,

2436 3156 2824 3234 rmundus
2877 3153 2976 3248 est
3045 3172 3349 3249 aeternus
3387 3207 3414 3249 ‚
3536 3154 3680 3232 uod
3713 3153 3982 3232 animae

2407 3273 2558 3335 non
2623 3273 3047 3336 remaneant
3097 3253 3344 3350 multae
3397 3280 3496 3355 po
3604 3271 3924 3332 mortem
3958 3308 3980 3331 .

2425 3356 2461 3432 ᾳ·
2519 3385 2593 3457 4.
2647 3363 2834 3448 Item
2860 3414 2885 3453 ·..
2935 3358 3161 3457 Quod
3210 3357 3511 3436 advenit
3574 3355 3799 3434 alicui
3831 3354 3985 3450 ‚‘&

2415 3459 2718 3545 discedit
2790 3463 2882 3539 ab
2953 3483 3045 3537 eo
3095 3475 3352 3575 praeter
3425 3454 3527 3539 sui
3581 3458 3984 3557 corruptio-

2415 3586 2588 3639 nem
2621 3615 2648 3656 ,
2699 3561 2999 3639 advenit
3049 3586 3121 3637 ei
3171 3556 3768 3643 accidentaliter:
3826 3557 3983 3637 haec

2386 3663 2618 3745 ,enim
2672 3661 2785 3742 est·
2807 3661 3158 3760 diffinitio
3179 3659 3616 3745 accidentis.
3671 3661 3749 3737 Si
3803 3681 3983 3758 ergo

2374 3774 2377 3777 ’
2417 3763 2666 3841 anima
2720 3764 3037 3847 humana
3089 3787 3240 3840 non
3271 3757 3769 3855 corrumpitur
3818 3782 3981 3835 cor·

2399 3888 2590 3965 ,pore
2639 3864 3061 3947 abscedente
3097 3913 3122 3954 ‚
3153 3862 3158 3867 ’
3192 3860 3526 3956 sequetur
3575 3861 3772 3957 quod
3823 3857 3982 3938 ani·

2399 3990 2534 4046 *ma
2557 3966 2870 4050 humana
2895 3959 3442 4047 accidentaliter
3463 3960 3749 4059 corpori
3774 3960 3980 4038 unia·

2413 4082 2564 4146 tur.
2621 4069 2828 4164 Ergo
2876 4065 3104 4146 homo
3153 4060 3254 4145 est
3290 4087 3418 4140 ens
3459 4085 3583 4159 per
3616 4063 3985 4157 accidens,

2413 4167 2544 4266 qui
2594 4165 2698 4243 est
2745 4162 3182 4264 compositus
3235 4188 3326 4240 ex
3393 4162 3647 4240 anima
3696 4164 3767 4239 8<
3818 4186 3978 4241 cor-

2413 4291 2630 4366 pore.
2689 4269 2792 4348 Et
2839 4267 3173 4366 sequetur
3226 4264 3528 4343 ulterius
3580 4265 3776 4362 quod
3827 4287 3981 4343 non

2420 4367 2502 4445 fit
2552 4366 2800 4467 aliqua
2849 4365 3114 4468 species
3145 4366 3518 4448 humana:
3570 4390 3722 4449 non
3776 4365 3981 4442 enim

2417 4493 2507 4548 ex
2577 4467 2691 4547 his
2767 4494 2928 4567 quae
3000 4467 3541 4566 conjunguntur
3608 4490 3736 4565 per
3799 4463 3985 4547 acci·-v

2418 4573 2599 4651 dens
2637 4625 2665 4666 ‚
2731 4570 2816 4648 fit
2883 4569 3152 4672 species
3217 4578 3363 4647 una
3409 4623 3438 4666 ‚
3505 4593 3681 4647 nam
3754 4566 3982 4647 homo

748 4668 1044 4748 diversae
1087 4667 1485 4751 ,secundum
1543 4672 1853 4774 spe51em
1883 4729 1901 4747 .
1961 4673 2315 4768 Non-au·
2417 4670 2667 4769 albus,
2720 4690 2870 4752 non
2920 4670 3022 4748 est
3070 4669 3322 4770 aliqua
3377 4670 3726 4770 species..
3901 4711 3907 4746 ;

742 4785 902 4850 tem
969 4795 1099 4873 per
1167 4769 1714 4867 corruptionem
1784 4772 2107 4872 corporis
2157 4797 2316 4852 mu·
2531 4799 2593 4871 ς.
2663 4773 3012 4872 Amplius
3055 4827 3072 4846 .
3148 4771 3598 4871 Impossibile
3671 4767 3797 4850 est.
3851 4766 3982 4849 ali-
4042 4793 4056 4799 ·’

736 4891 987 4951 tantur
1054 4872 1320 4951 animae
1412 4872 1503 4954 ad
1593 4873 1818 4950 aliam
1916 4873 2231 4973 speciem
2285 4903 2303 4949 ε
2410 4899 2637 4976 quam
2691 4873 3156 4957 substantiam
3227 4875 3366 4950 esse
3434 4871 3639 4966 cujus
3693 4897 3841 4948 non
3898 4867 3985 4947 fit

740 4975 913 5076 quia
987 4995 1210 5060 omne
1278 4975 1474 5083 quod
1551 4989 1881 5057 mutatur
1930 4974 2310 5081 denspecie
2408 4974 2656 5080 aliqua
2709 4976 3083 5082 operatio.
3137 4972 3277 5060 Sed
3349 4975 3600 5058 omnis
3653 4969 3988 5085 operatio
4063 4975 4069 4980 ’

1426 5126 1442 5141 ·
3829 5097 3989 5155 am-
