4597 5696
1462 253 1483 324 Ρ

940 411 1001 484 3„
1140 339 1146 345 ⁵
1309 386 1907 457 coNrRA
1992 360 2743 468 Gr-:N‘rrnl-:s
2829 388 3079 460 Lrn.
3167 387 3257 453 11.

3759 375 3868 444 161

666 497 944 583 &ionis
988 510 1239 584 rerum
1270 554 1297 597 ,
1351 499 1785 581 secundum·-
1816 523 2041 599 quem
2092 524 2217 597 po-
2319 494 2577 595 igitur„
2632 519 2904 594 ponere
2979 493 3307 593 aliquam
3379 487 3516 570 effe
3584 490 3882 576 causam

664 623 947 685 ¹nuntur
996 607 1085 685 de
1136 631 1338 685 novo
1388 603 1713 712 incipere
1767 603 1903 682 ess'e
1981 600 2006 697 (
2060 626 2216 702 cap.

656 730 944 788 xxxxv.
997 708 1027 806 )
1632 755 1642 772 .

2374 595 2654 676 uafiat
2726 615 2810 675 ut
2863 595 3167 675 effeetus
3223 595 3751 675 reducaturin
3805 625 3898 677 a«

2408 724 2599 790 um,
2667 700 2740 777 8<
2795 697 2889 778 iic
2945 698 3192 798 prima
3247 697 3460 784 causa
3513 722 3667 775 non
3723 713 3884 777 erat

778 812 900 888 Ex
952 825 1156 911 parte
1207 823 1458 888 autem
1527 809 1676 889 Dei
1728 808 1817 886 ad
1870 773 2225 885 aeternita·
2328 800 2702 881 sufficiens
2737 858 2756 878 .
2814 802 2958 880 Sed
3014 804 3219 879 Deus
3273 799 3373 877 est
3425 799 3641 882 causa
3696 800 3894 880 suffi-

669 925 829 990 tem
906 913 1167 992 mundi
1245 910 1765 991 ostendendam
1841 909 2229 988 sumuntur

660 1012 992 1094 rationes
1044 1012 1496 1111 hujusmodi.

784 1141 844 1191 1.
901 1117 1155 1193 Omne
1205 1140 1430 1216 agens
1484 1114 1686 1217 quod
1737 1138 1889 1193 non
1941 1112 2224 1213 semper

668 1215 875 1313 agit,
928 1233 1268 1304 movetur
1496 1218 1569 1295 se
1603 1271 1631 1315 ,
1682 1216 1804 1294 vel
1857 1241 1987 1317 per
2037 1216 2222 1295 acci-

666 1320 894 1397 ·dens.
950 1323 1088 1399 Per
1140 1319 1210 1398 se
1262 1345 1562 1432 qui-‘em
1588 1373 1617 1416 ,
1668 1316 1848 1398 ficut
1872 1318 1950 1418 ig
2012 1318 2027 1332 ’
2092 1316 2220 1418 qui

660 1445 824 1497 non
876 1418 1159 1521 semper
1180 1424 1704 1518 comburebat,
1732 1419 1998 1521 incipit
2064 1445 2221 1499 om-

662 1522 926 1601 burere
946 1577 973 1617 ,
1024 1523 1148 1600 vel
1185 1523 1358 1624 quia
1409 1527 1499 1604 de
1552 1549 1754 1603 novo
1778 1522 2227 1619 accenditur,

662 1623 787 1701 vel
840 1624 1018 1723 quia
1067 1626 1158 1703 de
1210 1652 1414 1707 novo
1467 1624 1897 1704 transfertur
1927 1677 1957 1720 ,
2008 1644 2093 1705 ut
2141 1622 2230 1703 fit

665 1727 1165 1826 propinquum
1217 1726 1718 1806 combustibili
1757 1783 1774 1801 .
1830 1729 1966 1804 Per
2044 1725 2229 1805 acci·
2286 1765 2289 1770 ⁴

662 1826 841 1906 dens
892 1837 1144 1906 autem
1170 1882 1196 1924 ,
1246 1828 1424 1910 ficut
1453 1846 1701 1908 motor
1751 1827 2107 1908 animalis·
2121 1829 2229 1907 in·

661 1928 847 2028 cipit
896 1931 987 2008 de
1040 1955 1240 2009 novo
1292 1955 1594 2011 movere
1682 1929 1960 2007 animal
2004 1984 2029 2024 ,
2099 1929 2229 2008 ali-

663 2053 819 2130 quo
867 2055 1070 2110 novo
1120 2049 1333 2111 motu
1405 2030 1605 2112 facio
1670 2032 1864 2110 circa
1931 2030 2172 2131 ipsum
2199 2085 2229 2125 ,

526 2178 531 2188 ·
661 2130 785 2209 vel
835 2157 929 2209 ex
981 2132 1321 2213 interiori
1372 2187 1399 2229 ,
1453 2133 1631 2214 ficut
1699 2157 1873 2211 cum
1944 2133 2223 2211 animal

659 2233 1189 2332 expergiscitur
1240 2233 1649 2335 digestione
1701 2234 2118 2333 completa,
2150 2235 2227 2312 8<

662 2334 931 2434 incipit
982 2336 1327 2424 moveri,
1381 2336 1499 2414 vel
1553 2338 1649 2414 ab
1701 2335 2102 2430 exteriori,
2145 2335 2225 2412 fi-

659 2451 786 2513 cut
837 2460 1010 2513 cum
1077 2437 1169 2514 de
1241 2463 1442 2517 novo
1511 2438 1820 2516 veniunt
1893 2434 2226 2515 afflones

659 2536 1089 2617 inducentes
1140 2540 1233 2617 ad
1305 2539 1634 2639 aliquam
1705 2537 2080 2617 aeiionem
2132 2540 2224 2618 de

657 2663 860 2717 novo
914 2639 1405 2720 inchoandam
1436 2699 1454 2717 .
1510 2645 1715 2721 Deus
1768 2657 2017 2719 autem
2069 2666 2223 2718 non

654 2759 1000 2818 movetur
1049 2766 1288 2840 neque
1342 2767 1470 2840 per
1560 2744 1701 2837 se,
1778 2766 2016 2840 neque
2098 2765 2228 2841 per

658 2840 997 2922 accidens
1035 2894 1062 2937 ,
1133 2861 1216 2920 ut
1285 2842 1368 2919 in
1441 2842 1688 2942 primo
1762 2841 1789 2937 (
1848 2842 2013 2920 Lib.
2068 2868 2222 2941 cap.

655 2963 887 3018 x111.
943 2943 970 3038 )
1021 2945 1415 3042 probatum
1468 2942 1569 3022 est
1610 3001 1651 3021 ..
1709 2945 1910 3022 Deus
1999 2944 2227 3043 igitur

662 3041 950 3141 semper
998 3045 1262 3125 eodem
1331 3048 1558 3125 modo
1628 3045 1784 3147 agit
1816 3103 1835 3123 .
1914 3047 2031 3124 Ex
2101 3046 2223 3126 sua

654 3160 907 3224 autem
959 3143 1254 3226 afflone
1280 3172 1396 3226 res
1431 3164 1687 3228 creatae
1741 3147 1820 3226 in
1843 3148 1979 3226 effe
1997 3145 2225 3228 confi·

562 3316 567 3321 ,
603 3283 614 3294 ·
652 3243 884 3326 stunt.
910 3249 1213 3348 Semper
1231 3249 1461 3349 igitur
1502 3267 1844 3330 creaturae
1887 3247 2220 3345 fuerunt.

2330 904 2536 987 ciens
2568 902 3080 1004 productionis
3118 921 3663 1000 creaturarum:
3704 903 3895 983 alias

2242 1089 2255 1096 υ
2319 1032 2485 1087 ,non
2540 1008 2718 1087 effet
2769 1006 2983 1086 causa
3024 1061 3051 1102 ,
3123 1004 3242 1082 sed
3326 1006 3568 1107 magis
3625 1006 3702 1085 in
3761 1032 3891 1107 po·

2329 1109 2568 1188 tentia
2636 1108 2708 1186 se
2777 1109 2866 1187 ad
2923 1108 3218 1187 causam
3312 1107 3628 1191 haberet
3667 1167 3694 1208 ‚
3753 1111 3894 1189 ali-

2327 1236 2484 1311 quo
2535 1210 2744 1292 enim
2795 1208 3310 1290 additofieret
3356 1213 3623 1307 causa,
3675 1214 3899 1313 quod

2325 1330 2535 1413 patet
2586 1316 2729 1393 effe
2783 1311 3251 1411 impossibile
3290 1368 3311 1389 .
3368 1313 3692 1394 Videtur
3744 1319 3889 1422 igi-

2330 1432 2451 1494 tur
2517 1415 2999 1496 necessarium
3081 1413 3286 1513 quod
3307 1441 3348 1509 ‘,
3434 1440 3614 1496 cum
3676 1423 3881 1500 Deus

2333 1518 2429 1598 ab
2494 1533 2777 1599 aeterno
2849 1514 3074 1596 fuerit
3105 1571 3154 1616 -,
3218 1532 3594 1600 creatura.
3642 1521 3883 1602 etiam
4027 1509 4032 1514 ’

2321 1618 2561 1701 -fuerit
2614 1623 2709 1701 ab
2742 1636 3058 1701 aeterno.
3169 1673 3180 1682 ·
3409 1685 3416 1690 .

2435 1751 2509 1821 4.
2568 1727 2802 1805 Item.
2860 1727 3114 1823 Agens
3166 1747 3298 1825 per
3345 1726 3820 1815 voluntatem
3854 1787 3883 1828 ‚

2337 1849 2491 1903 non
2546 1826 2876 1907 retardat
2933 1825 3144 1901 suum
3194 1828 3656 1926 propofitum
3711 1860 3880 1914 exe·

2332 1925 2466 2025 qui
2521 1925 2612 2003 de
2666 1926 2932 2027 aliquo
2985 1924 3333 2006 faciendo
3385 1930 3515 2008 nisi
3574 1954 3883 2035 propter

2332 2026 2626 2125 aliquid
2716 2027 2791 2106 in
2882 2026 3223 2110 futurum
3319 2030 3796 2131 expec'tatum
3850 2091 3883 2133 ,

2334 2127 2540 2228 quod
2595 2130 2935 2208 nondum
2990 2130 3185 2211 adest
3214 2187 3235 2209 .
3291 2134 3396 2211 Et
3447 2134 3598 2214 boc
3651 2151 3885 2238 quan-

2332 2231 2579 2329 doque
2631 2229 2733 2310 est
2787 2232 2871 2310 in
2923 2230 3080 2330 ipso
3117 2247 3439 2333 agente,
3488 2235 3677 2318 ficut
3702 2265 3882 2320 cum

2331 2329 2763 2431 expectatur
2781 2330 3138 2432 perfectio
3179 2336 3487 2414 virtutis
3539 2340 3629 2416 ad
3656 2366 3883 2442 agen·

2326 2433 2507 2510 dum
2563 2488 2591 2529 ,
2673 2451 2805 2513 aut
2874 2434 3196 2516 sublatio
3268 2437 3591 2538 alicujus
3643 2443 3882 2545 impe-

2324 2535 2606 2615 dientis
2663 2537 3081 2632 virtutem,
3152 2540 3614 2640 quandoque
3699 2570 3880 2625 vero

2327 2636 2425 2712 est
2478 2655 2684 2715 extra
2738 2648 3134 2737 agentem,
3191 2638 3374 2717 ficut
3427 2665 3600 2720 cum
3657 2670 3882 2746 expe-

2329 2735 2573 2813 &atur
2628 2739 3007 2834 praelentia
3052 2738 3372 2837 alicujus
3414 2766 3668 2824 coram
3773 2773 3879 2830 uo

2330 2835 2529 2915 aciio
2580 2837 2759 2923 fiatz
2804 2837 2933 2955 ,vel
2987 2839 3249 2919 saltem
3312 2867 3488 2921 cum
3542 2771 3881 2964 expegia-

2332 2957 2453 3018 tur
2503 2939 2874 3040 presentia
2946 2941 3259 3041 alicujus
3333 2963 3690 3047 temporis
3742 2979 3876 3053 op-

2330 3042 2630 3143 portuni
2674 3098 2699 3137 ,
2772 3044 2974 3143 quod
3046 3047 3386 3124 nondum
3474 3049 3666 3130 adest
3703 3110 3722 3130 .
3796 3054 3880 3137 Si

2327 3145 2534 3229 enim
2589 3146 2942 3226 voluntas
2995 3144 3082 3225 fit
3135 3150 3511 3249 completa
3545 3207 3573 3248 ,
3622 3151 3876 3236 statim

2325 3248 2667 3363 potentia
2690 3246 3116 3351 exequitur,
3135 3250 3264 3329 nifi
3322 3251 3407 3331 fit
3429 3251 3763 3336 defecius
3783 3256 3870 3337 in

761 3376 828 3426 2.
886 3348 1188 3429 Adhuc.
1244 3349 1578 3430 Effectus
1610 3350 1938 3450 procedit
1982 3377 2218 3431 acau-
2307 3349 2537 3446 ipsa,
2589 3347 2772 3428 sicut
2827 3350 2918 3428 ad
2970 3350 3372 3448 imperium
3446 3355 3867 3440 voluntatis

654 3449 728 3529 sa
795 3468 1064 3551 agente
1202 3475 1284 3529 er
1354 3450 1728 3531 aRionem
1797 3448 1951 3549 ejus
1986 3508 2003 3527 .
2075 3454 2217 3532 Sed

651 3549 853 3631 aeiio
907 3552 1055 3631 Dei
1109 3476 1209 3630 eg
1269 3571 1585 3648 aterna,
1634 3552 2076 3633 alias.fieret
2126 3554 2219 3633 de

651 3657 993 3754 potentia
1035 3669 1347 3755 agente,
1399 3653 1563 3734 adiu
1595 3679 1857 3755 agens,
1908 3653 1982 3732 8<
2009 3679 2218 3755 opor-

648 3771 840 3835 teret
888 3757 1084 3856 quod
1136 3758 1607 3836 reduceretur
1676 3757 1756 3835 in
1824 3753 2073 3834 aeium
2124 3758 2221 3835 ab

651 3855 906 3956 aliquo
957 3858 1187 3957 priori
1240 3877 1510 3958 agente
1560 3856 1729 3938 adiu
1772 3911 1799 3951 ,
1867 3858 2064 3958 quod
2104 3856 2217 3937 est

652 3956 1099 4059 impossibile
1146 4016 1164 4036 .
1223 3964 1428 4060 Ergo
1477 3986 1591 4041 res
1641 3985 1684 4038 a
1737 3964 1906 4039 Deo
1955 3977 2213 4039 creatae

522 4109 533 4121 ·
652 4059 750 4139 ab
804 4077 1077 4142 aeterno
1146 4058 1439 4140 fuerunt
1461 4117 1480 4137 .

757 4187 824 4263 3.
881 4161 1269 4261 Amplius.
1343 4161 1578 4243 Pofita
1629 4164 1840 4243 causa
1858 4162 2219 4243 sufficien-

651 4259 764 4357 ti,
813 4263 1091 4340 neceffe
1144 4262 1241 4338 est
1267 4262 1617 4344 effectum
1639 4265 1863 4366 poni:
1918 4266 1969 4345 fi
2014 4265 2219 4345 enim

590 4454 595 4458 .
650 4361 885 4439 adhuc
958 4362 1193 4463 polita
1261 4366 1474 4444 causa
1547 4389 1701 4446 non
1779 4370 2057 4449 necess'e
2109 4366 2210 4445 est

646 4456 994 4544 effectum
1145 4466 1225 4545 ni
1273 4520 1300 4562 ,
1369 4467 1707 4566 poffibile
1773 4468 2003 4570 igitur
2070 4469 2213 4549 erit

637 4562 864 4642 causa
916 4590 1011 4664 po
1038 4583 1141 4644 ita
1179 4614 1208 4661 ,
1278 4568 1622 4649 effeflum
1691 4572 1828 4650 effe
1856 4625 1883 4665 ,
1933 4571 2007 4649 8<
2057 4596 2211 4651 non

618 4663 785 4764 ,effe
821 4720 839 4740 .
910 4667 1352 4754 Consecutio
1424 4670 1656 4770 igitur
1744 4669 2046 4750 effe-ssus
2099 4674 2211 4752 ad

594 4850 597 4853 ,
643 4764 941 4846 causam
992 4770 1163 4854 erit.
1190 4772 1537 4870 possibilis
1587 4789 1875 4851 tantum
1910 4830 1928 4850 .
1972 4773 2210 4875 ‘Quod

2319 3448 2564 3529 statim
2600 3449 3207 3550 sequiturmotus
3243 3453 3597 3550 membri,
3619 3455 3748 3534 nifi
3776 3457 3869 3537 fit

2319 3548 2660 3638 ‚dese-Rus
2694 3550 3049 3649 potentiae
3089 3553 3396 3633 motivae
3417 3558 3862 3656 exequentis

2321 3671 2660 3732 motum:
2713 3652 2791 3732 8c
2839 3675 2971 3753 per
2995 3655 3137 3733 hoc
3176 3671 3383 3754 patet
3431 3658 3635 3757 quod
3685 3685 3869 3742 cum

2323 3754 2601 3854 aliquis
2657 3755 2822 3836 vult
2873 3752 3166 3857 aliquid
3219 3754 3461 3839 facere
3502 3815 3529 3856 ,
3578 3758 3653 3839 8<
3708 3788 3866 3844 non

2320 3855 2570 3936 statim
2626 3855 2762 3936 fiat
2806 3911 2834 3955 ,
2905 3873 3217 3958 oportet
3287 3860 3491 3960 quod
3548 3862 3667 3942 vel
3724 3866 3872 3945 hoc

2315 3960 2413 4040 sit
2468 3968 2765 4059 propter
2810 3957 3181 4040 defeRum
3236 3961 3595 4062 potentiae
3642 4019 3668 4061 ,
3731 3966 3874 4066 qui

2313 4058 2750 4159 expectatur
2828 4063 3330 4142 removendus
3374 4120 3401 4162 ,
3479 4067 3612 4146 vel
3744 4068 3869 4147 uia

2319 4161 2671 4241 voluntas
2738 4187 2892 4242 non
2963 4162 3065 4242 est
3115 4168 3495 4264 completa
3566 4166 3659 4247 ad
3686 4093 3867 4250 time

2322 4262 2788 4343 faciendum.
2830 4263 3033 4345 Dico
3072 4283 3327 4345 autem
3365 4271 3875 4369 complemen-

2317 4382 2484 4445 tum
2561 4365 2979 4446 voluntatis
3052 4367 3193 4446 ess‘e‘
3244 4416 3272 4464 ‚
3342 4371 3647 4469 quando
3700 4374 3872 4454 vult

2319 4468 2468 4547 hoc
2521 4466 2857 4547 absolute
2892 4466 3137 4549 facere
3174 4471 3535 4552 omnibus
3587 4474 3866 4572 modis.

2316 4571 2697 4651 Voluntas
2787 4587 3048 4652 autem
3159 4571 3413 4651 incom
3467 4575 3620 4657 leta
3709 4574 3864 4673 est,

2310 4671 2614 4774 quando
2665 4670 2940 4773 aliquis
2991 4698 3154 4753 non
3201 4676 3371 4755 vult
3446 4702 3656 4758 acere
3709 4677 3862 4758 hoc

2314 4772 2651 4856 absolute
2694 4829 2723 4870 ,
2796 4774 2919 4854 sed
2964 4773 3323 4869 existente
3373 4778 3633 4881 aliqua
3680 4805 3861 4861 con-

645 4881 894 4947 autem
969 4869 1069 4955 est
1138 4873 1467 4975 poffibile
1502 4928 1529 4968 ‚
1601 4873 1886 4974 indiget
1952 4874 2204 4976 aliquo
2305 4876 2588 4955 ditione
2641 4899 2822 4977 quae.
2855 4875 3196 4977 nondum
3244 4877 3488 4976 adest,
3537 4882 3658 4962 vel
3713 4878 3867 4962 nisi

653 4992 806 5071 quo
855 4973 1237 5055 reducatur
1289 4976 1368 5055 in
1421 4974 1668 5055 aetum
1707 5033 1727 5054 .
1806 4978 2206 5082 Oportebit
2306 4973 2681 5064 subtracto
2729 4975 3285 5085 impedimento
3357 4982 3562 5085 quod
3613 4981 3856 5075 adest.

749 5070 1256 5175 S.Tb.Contra
1290 5087 1358 5161 G
1362 5086 1790 5162 ent.T0m.I.

3152 5081 3225 5162 X
3654 5087 3867 5169 Con·
