4597 5696
1283 358 1868 431 CONTRA
1960 361 2699 434 GENTIL'ES
2789 373 3036 438 LYB.
3127 375 3217 437 Π.
3752 397 3863 451 140

635 483 738 561 tia
791 497 1040 560 autem
1097 478 1367 580 pafliva
1437 482 1528 560 ad
1598 486 1792 560 effe:
1870 486 2059 562 un'de
2116 485 2195 561 in
2296 533 2312 542 -
2371 483 2896 576 ›Quae.atitem
2952 475 3088 568 lint
3123 474 3863 587 'h11iufim6di‚‘inqur.

631 583 787 662 illis
862 583 1028 662 solis
1102 581 1241 658 est·
1276 583 1605 682 potentia
1672 588 1761 662 ad
1839 589 2191 685 ess‘equae
2301 584 2606 660 rendum
2662 576 2801 655 est.
2857 578 3108 656 Primo
3130 580 3426 676 quidem
3453 584 3863 682 igiturcon·

629 686 1020 763 materiam
1076 683 1350 760 habent
1402 688 1901 765 contrarietati
1964 687 2191 784 subje-
2300 682 2824 762 tra·rationem
2878 680 3066 758 entis
3120 680 3219 757 est
3276 687 3470 780 quod
3526 689 3714 765 entis
3756 715 3870 766 ra-

629 787 863 866 fiam.
921 789 1179 886 Quum
1239 777 1463 883 igitur
1520 787 1597 863 in
1657 792 1822 867 Deo
1865 790 2191 890 potentia
2295 787 2584 865 tionem
2638 783 2894 862 tollit.
2978 779 3312 861 Tollitur
3361 805 3634 864 autem·
3672 793 3868 869 ratio

628 888 900 990 paffiva
951 913 1103 966 non
1175 886 1261 964 fit
1293 942 1321 983 ‚
1405 888 1759 987 quidquid
1845 892 1934 969 ad
1988 891 2197 968 suum
2302 888 2497 966 entis
2549 910 2677 985 per
2733 884 2938 963 suum
2991 882 3448 984 oppositum,
3527 889 3704 969 ficut
3756 918 3863 969 τε,

631 991 774 1070 esse
829 1015 979 1068 non
1083 989 1396 1086 eminet,
1451 994 1648 1068 Deus
1702 1017 1852 1069 non
1904 992 2133 1092 potest
2175 1020 2193 1070 :

628 1091 783 1170 'non
834 1108 1049 1192 pote
1120 1091 1144 1168 i
1202 1090 1345 1168 itur
1400 1095 1599 1169 Deus
1653 1095 1791 1171 effe
1865 1119 2124 1194 corpus
2166 1133 2196 1190 ᾗ

629 1210 757 1272 aut
810 1192 1091 1293 aliquid
1145 1115 1560 1290 ffiujusmocsi
1593 1250 1610 1270 .

739 1323 806 1372 z.
864 1294 1127 1373 Adhuc
1183 1352 1202 1371 .
1305 1294 1748 1390 Huiusmodi
1837 1298 2182 1399 potentiae

568 1433 579 1444 ·
627 1396 915 1502 paffivae
968 1414 1264 1491 motus,
1318 1394 1519 1475 acius
1568 1398 1667 1475 est
1696 1456 1713 1476 .
1793 1402 1995 1480 Deus
2047 1400 2184 1500 igi·

540 1531 573 1586 ε
629 1517 794 1594 tur,
844 1498 966 1578 cui
1021 1499 1350 1597 potentia
1404 1498 1672 1600 paffiva
1723 1527 1872 1580 non
1899 1526 2192 1603 compe·

627 1601 725 1680 tit
758 1655 786 1696 ‚
854 1600 1122 1678 mutari
1205 1626 1356 1679 non
1410 1600 1640 1699 potest
1674 1658 1693 1677 .
1765 1603 2001 1681 Potest
2071 1629 2191 1683 au·

625 1720 787 1781 tem
838 1701 1138 1780 ulterius
1206 1700 1485 1800 ostendi
1522 1756 1548 1795 ‚
1619 1703 1694 1782 &
1770 1704 2109 1783 concludi
2162 1759 2191 1801 ‚

628 1804 829 1905 quod
881 1827 1034 1881 non
1085 1802 1317 1903 potest
1345 1804 1615 1884 mutari
1646 1803 2040 1885 secundum
2060 1804 2188 1883 fin-

687 1905 838 1985 ulas
891 1906 1394 1985 mutationum
1448 1905 1718 2004 species
1746 1961 1773 2003 ‚
1859 1924 1945 1986 ut
1993 1908 2192 2009 quod

686 2035 785 2086 on
839 2005 1069 2109 potest
1146 2009 1456 2108 augeri,
1531 2007 1651 2088 vel
1704 2009 2009 2105 minui,
2061 2023 2190 2088 aut

627 2110 916 2189 alterari
937 2163 965 2204 ‚
1014 2125 1143 2187 aut
1190 2109 1568 2207 generari,
1620 2126 1747 2187 aut
1796 2112 2188 2210 corrumpi.

732 2239 797 2311 3.
855 2210 1202 2308 Amplius
1238 2268 1256 2286 .
1313 2212 1573 2310 Quum
1625 2209 1933 2289 deficere
1962 2213 2187 2310 quod·

620 2314 793 2392 dam
846 2310 1220 2410 corrumpi
1275 2310 1402 2406 fit,
1471 2310 1792 2412 sequitur
1856 2313 2053 2412 quod
2106 2312 2187 2388 in

622 2413 838 2494 nullo
889 2412 1195 2490 deficere
1248 2410 1517 2512 potest.

725 2545 798 2613 4.
853 2513 1240 2593 Praeterea.
1298 2512 1652 2594 Defec’tus
1678 2516 1922 2595 omnis
1942 2514 2182 2593 secum

617 2620 798 2696 dum
853 2616 1344 2716 privationem
1413 2615 1742 2717 aliquam
1812 2617 1910 2695 est
1941 2672 1959 2690 .
2032 2618 2182 2695 Pri·

622 2719 943 2795 vationis
1016 2737 1263 2793 autem
1364 2716 1769 2814 subjefflum
1855 2718 2183 2816 potentia

621 2819 947 2897 materiae
1002 2816 1138 2895 est.
1194 2814 1435 2896 Nullo
1501 2816 1730 2917 igitur
1781 2819 2006 2896 modo
2058 2843 2183 2917 po·

624 2917 758 2999 test
810 2919 1117 2997 deficere
1160 2972 1179 2994 .

739 3047 803 3117 5.
862 3021 1162 3099 Adhuc.
1218 3021 1476 3119 Quum
1530 3021 1870 3124 fatigatio
1920 3023 2007 3104 fit
2057 3046 2186 3123 per

622 3119 996 3203 defeRum
1052 3121 1343 3201 virtutis
1371 3179 1397 3221 ,
1449 3126 1737 3205 oblivio
1788 3143 2035 3205 autem
2061 3149 2189 3226 per

624 3222 997 3303 defestum
1050 3222 1408 3312 scientiae3
1461 3243 1658 3324 patet
1709 3230 1904 3326 quod
1952 3250 2188 3327 neque

627 3325 975 3425 fatigari,
1027 3349 1261 3431 neque
1316 3326 1655 3404 oblivisci
1711 3328 1981 3427 potest.
2138 3386 2145 3397 .

731 3433 802 3506 6.
860 3425 1202 3526 Amplius
1237 3482 1258 3502 .
1316 3430 1583 3525 Neque
1635 3428 1837 3505 vinci
1872 3482 1898 3524 ‚
1949 3452 2186 3527 neque

518 3608 529 3625 ,
628 3528 1074 3609 violentiam
1127 3527 1332 3626 pati':
1388 3527 1538 3606 haec
1590 3529 1793 3607 enim
1847 3556 1998 3607 non
2027 3529 2191 3609 sunt

629 3630 767 3711 nifi
822 3627 975 3725 ejus
1045 3629 1245 3728 quod
1313 3649 1570 3709 natum
1651 3629 1751 3708 est
1831 3632 2117 3710 moveri
2168 3687 2187 3709 .

630 3731 995 3813 Similiter
1046 3746 1293 3807 autem
1346 3757 1583 3831 neque
1652 3732 2015 3832 poenitere
2064 3759 2188 3833 po-

630 3832 817 3927 test,
869 3858 1104 3933 neque
1157 3831 1409 3928 irasci,
1459 3850 1586 3913 aut
1634 3833 2191 3934 tristari3quum

630 3933 786 4012 haec
836 3935 1092 4012 omnia
1146 3932 2193 4038 impersefflionem,&passio-

633 4060 854 4132 nem,
904 4035 976 4112 8<
1029 4032 1398 4125 defefflum
1455 4035 1752 4116 sonent.

737 4164 808 4235 7.
865 4134 1181 4213 Rursus.
1256 4135 1459 4313 ssuia
1537 4139 1881 4237 potentiae
1933 4141 2192 4221 affivae

637 4234 1058 4331 objeaum,
1108 4234 1180 4311 8<
1234 4262 1275 4314 e
1335 4254 1532 4316 ectus
1584 4239 1684 4317 est
1736 4265 1863 4321 ens
1893 4240 2195 4335 facturus

636 4335 841 4415 nulla
892 4353 1139 4412 autem
1191 4339 1518 4435 potentia
1545 4345 2049 4441 operationem
2073 4347 2194 4422 ha-

633 4440 766 4517 bet
815 4436 945 4550 ubi
997 4434 1245 4516 deficit
1295 4440 1487 4519 ratio
1556 4442 1662 4522 sui
1736 4445 2063 4544 objecti,
2115 4444 2195 4524 sr-

636 4556 765 4622 cut
814 4536 1006 4616 vlsus
1058 4563 1209 4616 non
1263 4540 1479 4619 videt·
1514 4543 1896 4626 deficiente
1920 4548 2197 4626 visibili

636 4640 721 4719 in
772 4659 981 4733 actu3
1033 4658 1321 4740 oportet
1371 4646 1568 4741 quod
1642 4645 1845 4726 Deus
1917 4650 2198 4729 dicatur

636 4767 793 4820 non
845 4743 1037 4858 posse
1089 4742 1445 4860 quidquid
1497 4745 1596 4827 est
1646 4766 1901 4828 contra
1980 4753 2193 4831 ratio·

638 4868 817 4920 nem
870 4859 1058 4921 entis
1113 4863 1554 4946 inquantum
1607 4849 1704 4928 est
1760 4876 1932 4947 ens,
1954 4852 2075 4935 vel
2100 4851 2198 4939 fa-

636 4944 746 5033 cti
798 4945 984 5029 entis
1036 4947 1477 5052 inquantum
1527 4950 1630 5036 est
1679 4949 1998 5061 factum9

2301 990 2413 1068 tio
2464 986 2788 1065 hominis
2841 1009 2970 1085 per
3020 985 3430 1086 oppositum
3485 989 3683 1087 ejus,
3736 994 3858 1071 vel

2294 1091 2617 1192 partium
2673 1088 2937 1188 ipsius:
2990 1086 3404 1187 oppofitum
3457 1111 3706 1172 autem
3742 1121 3864 1174 en-

2293 1194 2392 1272 tis
2461 1190 2561 1269 est
2633 1216 2783 1269 non
2851 1214 3039 1267 ens.
3117 1192 3285 1271 Hoc
3377 1191 3614 1291 igitur
3657 1196 3860 1276 Deus

2287 1317 2443 1373 non
2495 1291 2726 1395 potest
2777 1308 2860 1371 ut
2912 1288 3134 1370 faciat
3205 1290 3414 1371 fimul
3482 1320 3718 1375 unum
3786 1299 3862 1376 8<

2289 1397 2489 1475 idem
2541 1397 2723 1490 esse,
2753 1394 2847 1471 2&
2900 1419 3053 1472 non
3107 1393 3292 1490 effe,
3342 1398 3541 1494 quod
3560 1395 3659 1475 est
3686 1409 3861 1480 'con-.-

2295 1497 2716 1578 tradictoria
2768 1496 2928 1575 ess'e·
2964 1493 3172 1573 fimul
3196 1553 3216 1571 .
3559 1543 3564 1548 -
3720 1545 3729 1558 .

2404 1608 2468 1678 8.
2525 1601 2829 1680 Adhuc.
2883 1597 3391 1678 Contradictio
3444 1600 3521 1678 in
3574 1613 3864 1694 contra--⁴

2292 1702 2423 1782 riis
2477 1757 2506 1799 ‚
2573 1701 2645 1778 8<
2699 1698 3060 1799 privative
3135 1726 3184 1776 o
3215 1699 3477 1797 politis
3550 1702 3858 1783 includi-

2293 1821 2447 1883 tur:
2502 1800 2822 1902 sequitur
2873 1800 3120 1894 enim,
3202 1825 3226 1878 ι
3280 1800 3376 1878 est
3430 1803 3735 1900 album,
3781 1805 3861 1882 δε

2291 1905 2591 2004 nigrum
2620 1958 2647 1998 ,
2696 1901 2894 2080 quod
2945 1900 3032 1979 fit
3081 1900 3501 1996 album‚.&
3554 1929 3708 1983 non
3739 1905 3861 1988 ,al-2

2291 2007 2520 2099 bum3
2571 2005 2645 2083 8<
2726 2030 2750 2079 1
2804 2002 2903 2080 est
2953 2004 3271 2099 videm,
3340 2004 3415 2081 8<
3503 2031 3782 2089 caecum·
3827 2025 3866 2104 ,'

2290 2108 2492 2207 quod
2543 2104 2628 2184 fit
2677 2104 2982 2199 videns,
3031 2102 3106 2181 8<
3158 2131 3310 2183 non
3362 2104 3659 2185 videns:
3721 2122 3878 2187 unt.-

2289 2210 2382 2286 de
2434 2206 2752 2305 ejusdem
2823 2206 3128 2284 rationis
3199 2205 3296 2282 est
3367 2209 3563 2304 quod
3654 2212 3861 2294 Deus

2282 2331 2443 2388 'non
2494 2307 2709 2407 possit
2762 2303 3000 2386 facere
3050 2304 3378 2406 oppofita
3403 2306 3613 2389 fimul
3632 2309 3858 2394 inesto

2286 2411 2532 2489 eidem
2585 2407 2978 2488 secundum
3033 2409 3268 2487 idem.
3340 2487 3348 2494 ,
3777 2433 3780 2436 ·
3843 2497 3852 2502 ‚

2294 2545 2306 2550 -
2391 2539 2460 2611 9.
2517 2510 2920 2610 Amplius.·
2987 2512 3114 2589 Ad
3180 2510 3674 2594 remotionem
3729 2507 3856 2597 cu-

2285 2612 2581 2712 juslibet
2632 2610 2978 2712 principii
3058 2611 3452 2688 essentialis
3523 2613 3860 2714 sequitur-

2285 2714 2610 2793 remotio
2659 2710 2871 2810 ipsius
2924 2711 3073 2787 rei.
3104 2710 3180 2788 Si
3225 2712 3251 2788 i
3309 2712 3452 2789 itur
3470 2716 3673 2794 Deus
3698 2741 3857 2794 non

2285 2813 2517 2917 potest
2571 2810 2805 2893 facere
2858 2835 3018 2889 rem
3071 2811 3204 2890 sim
3334 2814 3519 2911 effe,
3568 2832 3646 2896 et
3695 2841 3855 2897 non

2286 2920 2427 2998 effe
2461 2972 2489 3012 ‚
2540 2941 2677 2995 nec
2728 2914 2953 2994 etiam
3032 2914 3261 3015 potest
3335 2912 3569 2996 facere
3652 2920 3854 3020 quod

2287 3022 2397 3100 rei
2448 3017 2627 3098 defit
2679 3017 2960 3119 aliquid
3006 3018 3296 3097 suorum
3316 3019 3859 3123 principiorum

2288 3121 2774 3203 ess'entialium
2858 3120 3010 3220 ipsa
3097 3140 3576 3201 remanente:
3670 3122 3853 3206 ficut

2291 3228 2492 3326 quod
2543 3224 2772 3303 homo
2823 3249 2975 3303 non
3027 3222 3716 3304 habeat-animam.

2405 3354 2516 3401 10.
2570 3330 2956 3402 Praeterea.
3014 3327 3272 3424 Quum
3295 3326 3657 3425 principia
3675 3350 3856 3425 qua-

2290 3427 2625 3504 rumdam
2701 3424 3162 3503 scientiarum
3198 3477 3225 3519 ,
3307 3440 3390 3503 ut
3474 3425 3771 3524 Logicae
3820 3479 3855 3523 ‚

2248 3596 2249 3603 Ν
2294 3527 2784 3619 Geometriae‚
2837 3540 2912 3602 et
2966 3522 3520 3621 Arithmeticae‚
3570 3525 3855 3603 suman-

2294 3648 2414 3709 tur
2463 3652 2554 3708 ex
2610 3628 2776 3707 solis
2829 3625 3210 3727 principiis
3266 3625 3700 3707 formalibus
3746 3650 3854 3706 re-

2292 3757 2505 3827 rum,
2556 3757 2647 3809 ex
2696 3729 2963 3831 quibus
3044 3729 3341 3808 effentia
3412 3732 3516 3809 rei
3587 3732 3857 3830 depen-

2293 3838 2460 3926 det3
2510 3832 2827 3933 sequitur
2880 3833 3080 3932 quod
3145 3832 3513 3911 contraria
3581 3832 3855 3912 horum

2288 3935 2829 4037 ‚principiorum
2903 3936 3105 4012 Deus
3180 3930 3416 4013 facere
3489 3961 3644 4013 non
3698 3931 3856 4034 pos-

2297 4038 2424 4131 fit,
2481 4037 2660 4116 ficut
2709 4037 2906 4137 quod
2957 4059 3184 4134 genus
3241 4062 3391 4115 non
3471 4036 3556 4114 fit
3608 4034 3863 4135 praedi-

2295 4139 2539 4219 cabile
2587 4140 2678 4217 de
2730 4139 2963 4238 specie
2991 4191 3018 4233 ‚
3067 4136 3188 4214 vel
3240 4137 3438 4235 quod
3491 4136 3700 4215 lineae
3730 4138 3859 4217 du-

2298 4260 2430 4322 ctae
2487 4267 2531 4318 a
2581 4262 2836 4318 centro
2887 4243 2977 4318 ad
2998 4236 3664 4320 circumferentiam
3700 4263 3859 4320 non.

2296 4340 2436 4423 fint
2487 4342 2796 4443 aequales
2821 4396 2848 4439 ‚
2898 4360 3025 4420 aut
3075 4343 3272 4441 quod
3324 4340 3724 4440 triangulus
3740 4366 3849 4418 re-

2293 4446 2641 4531 ctilineus
2692 4471 2846 4523 non
2898 4445 3163 4522 habeat
3220 4462 3364 4523 tres
3414 4442 3722 4542 angulos
3769 4466 3860 4521 ω-

2297 4548 2547 4649 quales
2597 4548 2884 4649 duobus.
2930 4546 3145 4624 rectis
3170 4603 3188 4622 .
3915 4599 3924 4605 -

2413 4677 2523 4727 11.
2579 4648 2783 4727 Hinc
2834 4648 3057 4727 etiam
3114 4664 3314 4749 patet
3381 4649 3580 4750 quod
3652 4650 3857 4727 Deus

2294 4775 2450 4828 non
2570 4748 2749 4833 otest
2819 4747 3055 4831 facere
3126 4752 3323 4853 quod
3408 4750 3861 4852 praeteritum

2300 4878 2454 4930 non
2537 4851 2772 4951 uerit,
2822 4878 2998 4931 nam
3051 4852 3192 4932 hoc
3246 4853 3475 4931 etiam
3497 4848 3858 4935 contradi-

2284 4954 2630 5041 ctionem
2679 4952 3044 5040 includit:
3137 4953 3458 5066 ejusdem
3535 4974 3858 5051 namque

3731 5076 3863 5149 neg
