4597 5696
1256 409 1848 475 CON'PRA
1938 397 2684 482 GPNTILES
2774 414 3019 480 LlB.
3098 416 3228 481 -1·1.

614 517 835 604 lxxvt
855 548 915 604 1.
974 524 1001 622 )
1080 543 1297 626 patet.
1351 527 1492 605 Sed
1527 521 1615 599 'sl
1668 524 1918 603 anima
1971 523 2169 604 bruti

609 645 866 709 manet
915 646 1259 729 corrupto
1308 649 1613 726 corpore
1663 682 1690 723 ‚
1742 627 1883 704 erit
1936 623 2173 705 forma

612 758 657 810 a
713 730 1020 807 materia
1074 731 1428 829 separata.
1491 730 1689 826 Ergo
1742 729 1881 807 erit
1934 726 2174 808 forma

611 815 986 914 intellecia
1044 832 1122 908 in
1176 829 1382 914 aflu.
1439 832 1576 909 Sed
1635 832 1713 908 in
1765 831 2101 929 separatis
2134 856 2177 907 a

607 934 921 1013 materia
975 933 1170 1011 idem
1225 933 1324 1012 est
1380 931 1799 1032 intelligens
1849 985 1876 1026 ‚
1940 933 2012 1010 8<
2067 933 2169 1011 in-

609 1035 988 1115 telleeium
1041 1089 1068 1130 ‚
1142 1051 1222 1114 ut
1280 1032 1706 1116 Aristoteles
1759 1089 1810 1130 ,,
1862 1032 2042 1113 dicit
2095 1035 2176 1113 in

610 1143 754 1218 111.
808 1139 897 1216 de
954 1138 1238 1216 Anima
1281 1138 1315 1234 A(
1371 1157 1547 1216 text.
1599 1162 1870 1216 comm.
1922 1162 2094 1215 xvr.
2144 1135 2171 1230 )

612 1243 820 1340 Ergo
890 1241 1140 1319 anima
1210 1237 1476 1334 bruti,
1545 1237 1593 1314 fi
1689 1239 1839 1338 post
1912 1261 2170 1336 corpus

611 1359 912 1436 manet,
963 1344 1106 1420 erit
1158 1335 1676 1421 intellefiualis
1721 1367 1745 1434 3
1823 1340 2023 1438 quod
2074 1336 2175 1415 est

614 1443 1088 1544 impoffibile.
1517 1532 1526 1540 .

725 1575 787 1646 3.
846 1546 1144 1624 Adhuc.
1206 1549 1293 1624 In
1345 1545 1677 1645 qualibet
1727 1567 1803 1621 re
1835 1569 1993 1644 qua:
2049 1567 2171 1642 po·

613 1646 745 1726 test
798 1648 1212 1748 pertingere
1269 1649 1359 1726 ad
1409 1647 1740 1746 aliquam
1794 1643 2170 1746 perfeffio·

610 1774 786 1829 nem
841 1766 866 1844 ,'
947 1751 1320 1828 invenitur
1390 1747 1760 1827 naturalis·
1805 1746 2167 1847 appetitus

615 1850 815 1930 illius
873 1849 1341 1950 perfeffionis
1385 1878 1403 1923 ε
1479 1852 1758 1928 bonurn
1811 1850 2015 1926 enim
2068 1845 2167 1924 est

610 1955 811 2052 quod
876 1955 1132 2032 omnia
1224 1967 1577 2052 appetunt
1621 2005 1648 2046 ‚
1733 1950 1837 2030 ita
1922 1968 2171 2029 tamen

607 2057 807 2154 quod
841 2056 1415 2154 unumquodque
1449 2051 1825 2153 proprium
1868 2055 2169 2131 bonum.

607 2158 702 2235 In
771 2158 1005 2236 brutis
1071 2175 1320 2233 autem
1395 2181 1546 2233 non
1614 2154 1989 2232 invenitur
2039 2153 2167 2231 ali-

608 2258 777 2356 quis
852 2259 1213 2360 appetitus
1299 2257 1391 2334 ad
1480 2255 1614 2333 effe
1685 2274 2168 2355 perpetuum,

607 2358 744 2475 ῐιρίῑ
819 2380 898 2439 ut
971 2376 1486 2460 perpetuentur
1573 2357 1966 2436 secundum
2022 2356 2165 2455 spe-

605 2485 803 2540 ciem
837 2516 864 2556 ‚
936 2462 1373 2561 inquantum
1469 2459 1551 2538 in
1616 2458 1721 2535 eis
1794 2457 2167 2535 invenitur

606 2562 967 2663 appetitus
1005 2560 1540 2663 generationis,
1593 2581 1970 2660 perquam
2023 2558 2166 2657 spe-

605 2665 754 2743 cies
806 2683 1310 2764 perpetuatur:
1366 2663 1563 2762 quod
1614 2663 1915 2759 quidem
1970 2660 2166 2738 inve-

606 2766 806 2842 nitur
874 2766 947 2842 &
1000 2766 1078 2840 in
1133 2764 1449 2863 plantis,
1487 2763 1560 2838 8<
1613 2763 1691 2838 in
1743 2764 1955 2837 rebus
2010 2758 2161 2834 ina·

604 2866 955 2945 nimatis:
1007 2890 1160 2942 non
1211 2880 1458 2940 autem
1485 2880 1844 2960 quantum
1883 2862 1974 2937 ad
2007 2882 2162 2956 pro-

601 2967 846 3067 prium
921 2965 1329 3066 appetitum
1402 2962 1742 3041 animalis
1776 3019 1804 3058 ‚
1856 2962 2159 3060 inquan-

603 3084 764 3145 tum
835 3067 931 3143 est
1004 3067 1352 3159 animal,
1424 3066 1600 3165 quia
1652 3064 1748 3144 est
1803 3061 2164 3162 appetitus

601 3167 1241 3269 apprehensionem
1264 3169 1713 3266 consequens
1737 3193 1753 3244 :
1792 3191 1966 3244 nam
1985 3189 2159 3244 cum

604 3272 857 3347 anima
912 3269 1245 3348 senfitiva
1297 3287 1451 3346 non
1500 3264 1990 3366 apprehendat
2027 3266 2155 3343 nisi

603 3370 727 3451 hic
817 3373 891 3450 8<
957 3397 1150 3451 nunc
1187 3426 1218 3465 ‚
1291 3370 1725 3469 impossibile
1794 3369 1891 3448 est
1960 3368 2159 3469 quod

606 3475 1095 3573 apprehendat
1148 3473 1287 3549 effe
1342 3492 1769 3570 perpetuum
1813 3529 1831 3549 .
1890 3472 2162 3568 Neque

597 3598 779 3672 ergo
829 3576 1107 3675 appetit
1173 3573 1500 3673 appetitu
1575 3572 1879 3651 animali
1929 3598 1947 3647 ε
2004 3596 2154 3648 non

598 3676 701 3753 est
757 3678 980 3776 igitur
1049 3675 1297 3753 anima
1364 3674 1560 3754 bruti
1622 3699 1852 3774 capax
1905 3692 2155 3773 perpe-

598 3778 711 3856 tui
765 3782 939 3856 esse.
1765 3840 1782 3855 ,

700 3908 780 3978 4
836 3880 1212 3980 Amplius.
1267 3882 1461 3959 Cum
1515 3872 2031 3958 deleCiationes
2081 3903 2156 3956 o·

597 3983 1010 4080 perationes
1097 3983 1474 4080 perficiant
1513 4036 1538 4076 ‚
1607 3999 1689 4060 ut
1761 3999 1957 4079 patet
2028 4000 2172 4079 per·

601 4081 1076 4159 Aristotelem
1132 4084 1210 4158 in
1270 4087 1357 4158 X.
1414 4082 1657 4161 Ethic.
1712 4080 1740 4178 (
1791 4108 1946 4181 cap.
1999 4109 2069 4159 v.
2129 4083 2154 4177 )

593 4184 686 4259 ad
743 4182 904 4260 hoc.
948 4181 1323 4259 ordinatur
1393 4184 1722 4281 operatio
1769 4182 2172 4278 cujuslibet,

593 4283 706 4360 rei
761 4284 935 4360 licut
967 4283 1041 4358 in
1095 4282 1321 4359 finem
1377 4283 1456 4360 in
1492 4311 1645 4383 quo
1699 4285 1816 4367 sua
1853 4283 2159 4364 dclcffla·

593 4383 707 4460 tio
757 4384 1594 4483 figitur.Dele&ati‹z=nes
1613 4405 1859 4465 autem
1913 4391 2156 4466 bruto·

592 4507 760 4561 rum
814 4484 1249 4564 animalium
1300 4512 1557 4564 omnes
1610 4486 2014 4567 referuntur
2067 4490 2157 4567 ad

591 4587 1175 4665 conservantiam
1243 4588 1636 4683 corporis:
1733 4614 1885 4665 non
1956 4590 2159 4667 enim

591 4686 1043 4767 deleflantur
1113 4688 1191 4766 in
1249 4689 1441 4767 sonis
1487 4744 1513 4783 ,
1605 4686 1952 4773 odoribus
1996 4746 2020 4784 ‚
2090 4691 2164 4770 8<

591 4787 994 4888 aipeffibus
1027 4844 1053 4883 ,
1111 4788 1246 4867 nist
1274 4791 1692 4873 ,secundum
1751 4791 1950 4891 quod
2002 4790 2165 4872 sttnt

592 4888 999 4970 indicativa
1049 4891 1433 4986 ciborum,
1486 4891 1607 4971 vel
1650 4916 2163 4990 venenorum,

588 4993 785 5074 circa
849 5019 1010 5093 quae
1084 4992 1483 5077 eli-*omnis
1515 5018 1792 5082 ‚eorum
1844 4995 2163 5079 delecta-

3713 418 3849 486 261„

2275 531 2421 609 ti0.
2477 534 2680 610 Tota
2735 523 2962 627 igitur
3005 518 3341 622 operatio
3378 544 3643 604 eorum
3700 549 3857 609 ver.

2275 632 2470 710 satur
2537 635 2627 710 ad
2696 624 3326 710 conservationem
3403 629 3540 703 esse
3592 654 3850 728 corpo-

2277 734 2385 811 rei
2441 732 2615 813 ficut
2670 734 2749 811 in
2787 731 3047 807 finem.
3107 729 3289 805 Non
3320 725 3548 826 igitur
3598 729 3701 807 est
3746 732 3853 811 eis

2278 822 2583 936 a‘liquod
2636 838 2772 916 ess'e
2826 832 3094 932 absque
3137 853 3485 929 corpore.

2386 940 2585 1020 Huic
2638 957 2885 1016 autem
2941 931 3314 1010 sententiae
3345 930 3676 1012 doE'trina
3714 938 3849 1014 Ca-

2274 1041 2568 1120 tholicae
2622 1038 2794 1117 fidei
2828 1035 3263 1115 concordat:
3317 1030 3587 1113 dicitur
3635 1036 3846 1117 enim

2276 1143 2517 1222 Levit.
2575 1166 2795 1219 xvrr.
2868 1140 2961 1215 de
3032 1130 3476 1214 animalibus
3557 1139 3788 1218 brutis
3816 1167 3853 1214 z.

2281 1243 2564 1322 Anima
2637 1243 2835 1322 enim
2907 1238 3142 1342 omnis
3211 1237 3451 1317 carnis
3525 1236 3607 1317 in
3661 1238 3847 1336 san-

2267 1344 2502 1444 guine
2553 1341 2656 1440 cst
2687 1377 2728 1436 ,·
2778 1340 2977 1445 quasi
3029 1338 3269 1435 dicat,
3321 1364 3412 1419 ex
3465 1338 3838 1442 sanguinis

2278 1446 2785 1546 permanentia
2837 1447 2975 1522 esle
3032 1441 3230 1520 illius
3281 1443 3679 1542 dependet:
3739 1447 3843 1524 Et

2276 1550 2356 1627 in
2414 1550 2645 1629 Libro
2693 1550 2783 1627 de
2840 1545 3105 1636 Eccles.
3134 1547 3837 1647 dogmatibus(cap.

2276 1677 2446 1730 xvr.
2502 1654 2575 1732 8<
2627 1676 2847 1729 xv11.
2902 1649 2928 1746 )
3006 1649 3254 1725 Solum
3306 1647 3671 1727 bominem
3724 1649 3840 1728 di·

2269 1753 2497 1833 cimus
2550 1753 2877 1831 animam
2930 1746 3484 1849 substantivam
3536 1749 3859 1848 babere,-

2273 1853 2460 1938 ides?
2502 1876 2641 1956 per
2673 1853 2764 1949 se
2806 1851 3176 1942 vitalem3
3230 1851 3601 1929 brutorum
3653 1881 3834 1932 vero

2273 1956 2559 2035 animas
2614 1984 2774 2036 cum
2829 1953 3230 2052 corporibus
3264 1953 3609 2031 interire.
3667 1954 3837 2034 Ari-

2272 2058 2559 2137 stoteles
2610 2059 2837 2136 etiam
2893 2056 2972 2133 in
3022 2057 3123 2132 11.
3176 2052 3266 2132 de
3322 2055 3603 2132 Anima
3652 2055 3837 2136 dicit

2269 2161 2296 2258 (
2354 2177 2530 2239 text.
2583 2184 2859 2238 comm.
2900 2183 3069 2236 xxr.
3124 2155 3152 2252 )
3201 2157 3399 2254 quod
3452 2152 3845 2234 intelleffi.

2267 2287 2364 2340 va
2416 2286 2576 2361 pars
2658 2260 2925 2339 animae
2983 2259 3342 2358 separatur
3391 2258 3486 2334 ab
3537 2255 3700 2336 aliis
3751 2255 3853 2336 fi--.

2266 2381 2391 2442 cut
2444 2360 2999 2462 incorruptibile
3051 2384 3094 2436 a
3144 2357 3649 2458 corruptibili.
3840 2427 3847 2446 ὁ

2371 2468 2507 2543 Per
2560 2463 2698 2542 hoc
2769 2482 3018 2542 autem
3090 2460 3498 2539 excluditur
3615 2458 3829 2541 ofitio

2271 2566 2597 2645 Platonis
2648 2566 2675 2661 (
2735 2569 2878 2642 111.
2907 2565 2994 2642 de
3019 2563 3163 2659 leg.
3221 2561 3247 2658 )
3297 2561 3426 2659 qui
3456 2585 3553 2660 po
3586 2562 3697 2639 uit
3729 2578 3832 2642 et·
3938 2597 3943 2602 ·

2271 2667 2419 2744 iam
2446 2670 2822 2745 brutorum
2846 2665 3129 2741 animas
3181 2663 3316 2737 effe
3336 2662 3789 2742 immortales
3806 2719 3829 2740 .

2369 2766 2684 2844 Videtur
2738 2784 2986 2844 tamen
3022 2763 3216 2864 posse
3268 2762 3609 2863 probari,
3662 2766 3832 2844 bru·

2264 2885 2511 2947 torum
2566 2867 2849 2946 animas
2900 2867 3039 2944 effe
3096 2864 3589 2944 immortales.

2381 2996 2437 3046 1.
2493 2967 2717 3068 Cujus
2772 2970 2975 3048 enim
3046 2967 3142 3048 est
3196 2967 3442 3066 aliqua
3493 2967 3830 3069 operatio

2271 3092 2402 3170 per
2455 3071 2521 3150 se
2576 3071 2959 3172 separatim
3000 3125 3027 3166 ‚
3098 3070 3171 3148 8<
3242 3069 3478 3170 ipsum
3550 3068 3831 3173 esttper

2274 3174 2345 3252 se
2400 3172 2804 3255 subsistens.
2859 3175 2997 3255 Sed
3049 3172 3313 3251 animae
3367 3170 3712 3253 senfitivae
3749 3175 3835 3252 in

2272 3277 2503 3356 brutis
2556 3276 2651 3354 est
2704 3275 2949 3375 aliqua
2999 3275 3332 3374 operatio
3368 3294 3497 3371 per
3548 3272 3619 3351 se
3674 3274 3837 3354 sub-

2255 3376 2497 3454 sistens
2519 3431 2547 3470 ,
2599 3377 2679 3454 in
2728 3402 2872 3477 qua
2922 3401 3075 3453 non
3119 3374 3624 3463 communicat
3672 3399 3832 3453 cor-

2262 3504 2437 3579 pm,
2490 3475 2763 3557 scilicet
2798 3477 2878 3565 se
2919 3500 3254 3555 movere:
3308 3495 3570 3553 natura
3622 3472 3835 3554 enini

2255 3578 3091 3680 movens1componitur
3141 3601 3230 3656 ex
3267 3577 3594 3673 duobus,
3645 3603 3833 3678 quo-⁸

2256 3706 2421 3760 rum
2477 3707 2713 3762 unum
2765 3681 2861 3760 est
2931 3703 3240 3759 movens·
3286 3733 3312 3775 ‚
3379 3678 3454 3757 8<
3504 3678 3821 3760 alterum

2258 3783 2356 3863 est
2426 3805 2776 3865 motum:
2853 3786 3046 3864 unde
3132 3806 3307 3862 cum
3398 3806 3662 3883 corpus
3733 3781 3822 3863 fit

2258 3905 2605 3982 motum,
2672 3884 3107 3987 relinquitur
3158 3882 3355 3985 quod
3411 3885 3659 3963 anima
3717 3883 3824 3962 so-

2255 3988 2327 4065 la
2382 3988 2465 4066 fit
2518 4011 2822 4067 movens
2870 4044 2887 4063 .
2952 3991 3155 4085 Ergo
3207 3976 3306 4063 est
3359 4010 3485 4084 per
3540 3987 3610 4063 se
3669 3982 3829 4063 sub·

2259 4086 2532 4168 fistens:
2586 4116 2743 4169 non
2773 4087 2999 4187 igitur
3053 4086 3282 4187 potest
3334 4111 3461 4186 per
3492 4087 3829 4165 accidens

2260 4193 2632 4292 corrumpi
2666 4214 2971 4291 corpore
2995 4205 3373 4286 corrupto.
3433 4188 3570 4266 Illa
3621 4186 3832 4267 enim

2263 4294 2497 4375 solum
2554 4315 2679 4394 per
2715 4294 3044 4371 accidens
3079 4308 3647 4389 corrumpuntur
3670 4312 3835 4389 quae

2263 4414 2390 4497 per
2444 4396 2512 4475 se
2564 4420 2715 4473 non
2751 4395 3021 4472 habent
3060 4394 3233 4470 ess'e.
3287 4393 3424 4472 Per
3459 4391 3528 4470 se
3580 4410 3838 4487 autem

2264 4524 2416 4577 non
2486 4499 2712 4598 potest
2797 4495 3229 4595 corrumpi3
3296 4520 3465 4573 cum
3588 4519 3835 4593 neque

2264 4602 2713 4680 contrarium
2769 4598 3078 4692 habeat,
3131 4620 3371 4696 neque
3410 4596 3499 4676 lit
3547 4623 3638 4676 ex
3661 4620 3839 4679 cona

2267 4700 2507 4780 trariis
2559 4700 3005 4805 composita.
3063 4697 3549 4799 Relinquitur
3604 4695 3835 4798 igitur,

2268 4803 2468 4903 quod
2518 4802 2600 4883 fit
2653 4804 2965 4882 omnino
3007 4799 3626 4901 incorruptibilis.

2376 4930 2441 4980 2.
2500 4906 2764 4984 Adhuc
2838 4905 3067 4985 etiam
3110 4904 3527 4993 ·videbatur
3597 4897 3835 4979 redire

2263 5005 2592 5088 Platonis
2644 5004 2839 5088 ratio
2891 5007 3062 5107 (ubi
3119 5004 3325 5106 sup.)
3374 5004 3835 5189 Qprffia⁷

3263 5169 3291 5201 a
3318 5148 3339 5173 ‘⁹
3759 5114 3836 5195 t,-
