4597 5696
1242 438 1835 509 CONTRA
1922 446 2677 512 GENTILES
2762 449 3189 514 L1B.11.

700 603 761 656 1.
815 574 1005 656 Non
1057 571 1260 651 enim
1315 569 1412 649 est
1465 569 1743 650 creatio
1798 567 2162 662 mutatio,

575 678 703 761 sed
795 678 945 777 ipsa
1014 674 1498 776 dependentia
1569 675 1708 750 ess'e
1787 672 2017 750 creati
2071 673 2163 750 ad

584 782 1036 883 principium
1091 805 1134 855 a
1186 803 1338 876 quo
1410 773 1810 853 instituitur
1845 829 1872 867 ,
1941 773 2165 852 et'fic

584 884 685 961 est
741 885 829 960 de
882 906 1151 982 genere
1203 878 1651 957 relationis·:
1727 878 1918 955 unde
1971 874 2161 952 nihil

583 985 929 1086 prohibet
980 1009 1147 1061 eam
1203 982 1281 1059 in
1334 997 1583 1060 creato
1636 979 1775 1055 effe
1848 978 2027 1056 licut
2080 978 2158 1056 in

585 1083 911 1185 subjefflo
962 1144 980 1161 .
1041 1086 1635 1164 Diciturtamen
1685 1078 1967 1160 creatio
2018 1082 2157 1159 ess'e

583 1188 902 1266 mutatio
977 1189 1310 1288 quaedam
1379 1184 1772 1265 secundum
1854 1185 2163 1261 modum

585 1290 1048 1389 intelligendi
1104 1307 1392 1368 tantum
1438 1349 1465 1386 ,
1537 1288 1979 1386 inquantum
2034 1286 2163 1363 sci·

586 1392 766 1471 licet
821 1390 1238 1469 intelleEius
1314 1390 1550 1468 noster
1618 1388 1887 1487 accipit
1940 1413 2164 1465 unam

588 1512 665 1573 et
716 1496 1052 1571 eamdem
1123 1518 1281 1585 rem
1363 1513 1444 1571 ut
1497 1517 1646 1569 non
1736 1486 2162 1568 existentem

590 1595 832 1697 priuS,
887 1615 960 1674 et
1013 1592 1252 1695 postea
1308 1592 1778 1673 existentem.

696 1726 761 1773 2.
825 1703 1147 1796 Apparet
1198 1695 1469 1790 etiam,
1525 1694 1571 1771 fi
1628 1692 1907 1772 creatio
1985 1691 2160 1772 rela-

588 1800 697 1877 tio
746 1800 1076 1898 quaedam
1131 1798 1228 1876 est
1265 1853 1291 1893 ,
1368 1798 1566 1896 quod
1641 1820 1750 1873 res
1825 1792 2155 1893 quaedat'n

585 1899 736 1993 cst,
791 1919 866 1977 et
917 1925 1154 2001 neque
1190 1900 1508 1978 increata
1539 1894 1638 1975 est
1670 1952 1695 1991 ,
1752 1921 1990 1993 neque
2012 1896 2156 1975 alia

582 2002 954 2080 creatione
1006 2021 1248 2082 creata
1299 2060 1319 2076 .
1370 2005 1567 2078 Cum
1619 1998 1820 2078 enim
1853 1995 2154 2077 effecius

581 2124 863 2182 creatus
917 2103 1208 2182 realiter
1272 2102 1674 2200 dependeat
1742 2128 1785 2178 a
1859 2102 2152 2178 Creato-

580 2222 1052 2305 re„oportet
1105 2203 1515 2295 huiulmodi
1571 2201 2006 2279 relationem
2051 2201 2151 2278 es·

581 2306 653 2383 se
704 2330 863 2382 rem
917 2308 1311 2404 quamdam
1343 2361 1359 2378 .
1418 2305 1691 2383 Omnis
1742 2323 1989 2380 autem
2045 2326 2154 2379 res

577 2433 623 2483 a
682 2413 846 2485 Deo
900 2407 979 2483 in
1033 2409 1170 2484 ess'e
1227 2406 1681 2505 producitur.
1747 2402 1869 2482 Est
1927 2404 2154 2503 igitur

580 2507 659 2586 in
712 2512 851 2586 effe
904 2535 946 2584 a
1005 2512 1169 2587 Deo
1223 2506 1627 2608 producta,
1696 2532 1849 2583 non
1902 2521 2150 2584 tamen

573 2608 720 2687 alia
774 2611 1145 2689 creatione
1198 2631 1437 2689 creata
1491 2633 1715 2710 quam
1774 2606 1922 2707 ipsa
1955 2633 2145 2685 crea·

575 2727 738 2790 tura
790 2714 1083 2811 prima,
1137 2738 1296 2810 quae
1353 2737 1479 2809 per
1531 2736 1698 2787 eam
1749 2728 1988 2786 creata
2045 2710 2144 2785 di-

576 2811 769 2890 citur
823 2841 840 2888 ε
896 2813 1070 2912 quia
1122 2812 1582 2904 accidentia,
1635 2831 1709 2888 et
1762 2809 2014 2887 formae
2072 2809 2149 2886 si·

572 2930 699 2990 cut
752 2913 1003 3011 per'se
1064 2940 1213 2991 non
1265 2916 1473 3003 sunt,
1529 2909 1633 2989 ita
1709 2937 1841 2988 nec
1896 2923 2024 3010 per
2080 2911 2149 2989 se

570 3033 950 3109 creantur,
1007 3041 1181 3094 cum
1254 3014 1528 3093 creatio
1607 3013 1689 3093 fit
1762 3013 2147 3118 productio

572 3116 808 3208 enti83
861 3117 979 3195 sed
1034 3118 1209 3197 ficut
1263 3117 1339 3194 in
1413 3113 1564 3197 alio
1631 3117 1838 3212 sunt,
1904 3116 2010 3195 ita
2066 3117 2144 3195 in

570 3217 736 3297 aliis
787 3220 1047 3297 creatis
1099 3236 1437 3297 creantur
1489 3277 1507 3294 .

677 3347 742 3419 3.
798 3323 1183 3399 Praeterea.
1243 3320 1566 3408 Relatio.
1613 3344 1765 3397 non
1839 3317 2145 3396 refertur

3720 479 3840 537 139

2263 568 2564 668 aliquod
2616 569 2947 646 medium
3004 569 3194 649 inter
3247 567 3401 665 ejus
3471 589 3836 655 extrema:

2264 672 2440 770 quia
2496 673 2826 750 medium
2905 669 3005 749 est
3075 674 3165 750 ad
3239 673 3436 772 quod
3489 676 3849 757 continue

2235 789 2565 852 'motum
2620 776 2817 873 prius
2869 774 3077 853 venit
3114 797 3341 876 quam
3360 777 3453 855 ad
3470 774 3842 859 ultimum.

2273 880 2479 955 Inter
2528 880 2668 954 esse
2721 896 3017 971 autem,
3068 896 3144 955 et
3214 902 3367 955 non
3437 879 3626 975 effe,
3679 908 3842 981 quae

2265 978 2429 1056 sunt
2507 978 2698 1078 quali
2774 1000 3100 1059 extrema
3169 980 3618 1079 creationis,
3691 1010 3842 1064 non

2260 1079 2493 1181 potest
2552 1084 2690 1159 effe
2765 1083 3066 1183 aliquod
3137 1084 3468 1161 medium
3512 1141 3530 1159 .
3605 1085 3845 1186 Igitur

2264 1208 2420 1260 non
2472 1182 2571 1261 est
2626 1184 2706 1262 in
2755 1184 3128 1263 creatione
3183 1186 3562 1265 succesfio.

2375 1312 2441 1386 3.
2500 1285 2764 1365 Adhuc
2817 1345 2834 1362 .
2929 1290 3013 1364 In
3095 1289 3305 1365 omni
3378 1286 3701 1369 factione
3753 1289 3839 1373 in

2267 1412 2412 1486 qua
2465 1386 2561 1464 est
2617 1386 3176 1492 succesfio,fieri
3216 1388 3509 1467 estante
3559 1390 3839 1473 factum

2268 1490 2566 1583 effe,ut
2622 1491 2971 1589 probatur
3027 1492 3102 1567 in
3162 1492 3836 1593 V1.Phyfic.(text.

2264 1615 2538 1669 comm.
2594 1593 2740 1670 lix.
2796 1593 2822 1689 )
2879 1596 3047 1670 Hoc
3100 1611 3348 1670 autem
3406 1594 3482 1670 in
3535 1600 3839 1678 creatio-

2263 1718 2360 1770 ne
2400 1719 2551 1770 non
2579 1695 2807 1792 potest
2827 1693 3191 1773 accidere:
3218 1696 3390 1792 quia
3444 1696 3838 1799 fieri,quod

2261 1796 2700 1893 praecederet
2755 1794 3033 1874 factum
3089 1800 3225 1874 esse
3279 1818 3672 1895 creaturae,
3725 1803 3838 1878 in·

2259 1896 2542 1994 digeret
2606 1896 2858 1997 aliquo
2958 1895 3280 1992 subjecto
3321 1952 3345 1993 ,
3429 1901 3627 1999 quod
3677 1927 3835 1983 non

2265 1998 2495 2097 poffet
2566 2000 2705 2075 ess'e
2793 1999 2943 2099 ipsa
3013 2018 3400 2095 creatura,
3471 2003 3562 2080 de
3630 2004 3835 2103 cujux

2255 2100 2625 2177 creatione
2679 2100 3097 2199 loquimur,
3149 2102 3323 2202 quia
3376 2102 3505 2181 illa
3561 2117 3710 2183 non
3732 2106 3836 2186 est

2256 2220 2429 2277 ante
2484 2198 2757 2279 factum
2813 2205 2953 2279 ess'e
3005 2258 3032 2297 ,
3107 2229 3243 2283 nec
3306 2207 3544 2301 ‚etiam
3600 2206 3678 2283 in
3734 2208 3839 2285 fa-

2255 2319 2460 2378 ctore
2511 2330 2527 2377 τ
2601 2328 2751 2380 non
2825 2303 3028 2383 enim
3100 2307 3384 2384 moveri
3455 2307 3556 2384 est
3630 2306 3836 2390 aetus

2257 2403 2680 2498 moventiS,
2737 2404 2854 2481 sed
2909 2405 3099 2486 moti
3120 2442 3143 2483 .·
3197 2408 3677 2510 Relinquitur
3698 2411 3835 2512 igi-

2253 2522 2373 2581 tur
2426 2508 2624 2605 quod
2697 2504 2855 2583 fieri
2928 2507 3227 2586 haberet
3303 2535 3437 2609 pro
3504 2511 3833 2609 subjecto

2251 2607 2579 2705 aliquam
2655 2609 3043 2686 materiam
3118 2608 3291 2688 facti
3383 2614 3832 2712 praeexisten-

2252 2728 2448 2783 tenr,
2502 2710 2697 2805 quod
2752 2708 2850 2784 est
2903 2729 3157 2787 contra
3212 2712 3578 2790 rationem
3631 2738 3827 2795 crea·

2255 2807 2512 2885 tioniS.
2574 2809 3027 2905 Impoffibile
3080 2810 3179 2889 est
3237 2813 3467 2913 igitur
3523 2813 3601 2893 in
3634 2837 3833 2897 crea—

2256 2908 2464 2986 tione
2521 2909 3036 2990 successionem
3091 2916 3275 2993 effe.
3500 2945 3507 2952 ·

2351 3035 2423 3109 4,
2503 3013 2848 3113 Amplius
2903 3071 2921 3091 .
3000 3018 3330 3097 Omnem
3422 3016 3829 3105 factionem

2246 3113 2708 3193 successivam
2738 3171 2763 3211 ,
2786 3116 2899 3233 2³¹¹
2954 3134 3287 3220 tempore
3355 3140 3649 3224 oportet
3721 3127 3824 3207 el?-

2247 3216 2376 3295 se:
2437 3217 2635 3316 prius
2689 3243 2894 3297 enim
2948 3239 3025 3300 et
3076 3223 3423 3321 posterius
3477 3224 3554 3303 in
3610 3244 3825 3310 motu

2245 3337 2725 3397 numerantur
2778 3339 3110 3423 tempore
3162 3378 3182 3399 .
3257 3324 3498 3404 Simul
3566 3347 3821 3406 autem

563 3422 934 3504 :td-aliam
988 3423 1423 3500 relationem
1464 3477 1491 3514 ,
1558 3422 1736 3518 quia
1804 3419 1896 3496 fic
1969 3423 2141 3497 esset
2242 3419 2596 3494 dividitur
2665 3438 2973 3514 motus,
3050 3441 3125 3501 et
3178 3440 3466 3524 tempus
3513 3479 3539 3521 ,
3617 3445 3693 3506 et
3744 3428 3821 3507 id

566 3522 770 3600 abire
825 3524 902 3601 in
961 3524 1339 3602 infinitum
1383 3551 1405 3611 ς
1459 3522 1578 3600 sed
1631 3547 1756 3622 per
1811 3520 2140 3621 seipsam

561 3622 917 3718 refertur,
968 3630 1144 3726 quia
1198 3625 1671 3703 effentialiter
1724 3620 1984 3700 relatio
2021 3622 2139 3699 est.

562 3729 750 3807 Non
809 3728 1036 3827 igitur
1088 3727 1230 3805 alia
1283 3727 1652 3805 creatione
1705 3749 1883 3825 opus
1965 3723 2060 3801 est
2113 3778 2140 3821 ,

560 3854 710 3926 qua
767 3828 915 3930 ipsa
969 3831 1244 3911 creatio
1296 3846 1621 3923 creetur,
1676 3846 1748 3905 et
1781 3827 1871 3904 fic
1927 3826 2007 3903 in
2032 3827 2137 3905 in—

562 3928 864 4010 finitum
921 3934 1348 4033 procedatur
1371 3988 1388 4006 .

877 4039 931 4101 C
1023 4043 1078 4103 A
1178 4045 1220 4104 Ρ
1311 4045 1366 4105 U
1457 4045 1519 4104 T
1635 4033 1828 4103 'XIX-

771 4118 952 4205 ,Quod
989 4127 1192 4183 creatio
1234 4123 1306 4200 est
1346 4122 1555 4205 absque
1582 4124 1904 4201 fhcceffione
1931 4155 1949 4182 ο

2247 3518 2457 3616 super
2508 3521 2704 3617 quod
2761 3522 3009 3599 transit
3060 3540 3352 3618 motu53
3457 3527 3621 3606 uod
3656 3530 3827 3627 qui‘

2245 3617 2417 3696 dem
2471 3619 2551 3696 in
2607 3638 2817 3699 motu
2869 3622 3088 3703 locali
3143 3624 3419 3705 manife
3482 3653 3613 3706 um
3664 3628 3818 3708 est:

2245 3746 2419 3799 nam
2476 3721 2554 3799 in
2613 3722 3007 3804 medietate
3062 3731 3413 3829 temporis
3465 3729 3815 3831 regulari·

2245 3841 2355 3899 ter
2410 3842 2699 3902 motum
2835 3829 3169 3908 ertranfit
3247 3832 3577 3911 medium
3659 3853 3814 3911 ma-

2239 3921 2723 4025 gnitudinis«
2824 3929 3032 4008 ivisio
3083 3949 3330 4011 autem
3399 3931 3482 4013 in
3555 3934 3814 4015 formis

2252 4027 2688 4127 respondens
2737 4027 3086 4111 divifioni
3129 4033 3527 4136 temporis,
3580 4055 3822 4116 atten-

2113 4177 2116 4180 -
2247 4126 2448 4207 ditur
2501 4132 2891 4212 secundum
2968 4130 3499 4233 intenfionem,
3584 4151 3660 4217 et
3710 4159 3820 4217 re·

781 4224 1043 4318 Pparet
1095 4238 1341 4297 autem
1397 4246 1485 4298 ex
1542 4225 1900 4320 praediffls
1943 4230 2139 4328 quod
2241 4232 2697 4326 mistionem,
2752 4256 2834 4313 ut
2888 4234 2931 4312 fi
2991 4237 3255 4337 aliquis
3284 4240 3363 4316 in
3409 4255 3615 4318 tanto
3636 4257 3819 4319 tem-

566 4420 1005 4600 nerfffiNam
1065 4523 1399 4602 succeffio
1453 4529 1743 4627 propria
1825 4533 1922 4610 est
1975 4558 2131 4612 mo·

834 4321 1081 4398 omnis
1136 4321 1412 4399 creatio
1463 4325 1730 4446 absque
1774 4330 2135 4420 successio·
2241 4355 2418 4432 pore
2491 4351 2780 4413 tantum
2851 4335 3156 4433 calefit,
3228 4357 3308 4420 ct
3378 4341 3453 4419 in
3533 4334 3813 4422 minori

1843 4445 1848 4452 ·
2236 4435 2484 4514 minus
2531 4496 2546 4512 .
2602 4439 3016 4516 Secundum
3090 4440 3229 4522 hoc
3302 4443 3530 4544 igitur
3582 4442 3814 4545 potest

2238 4540 2376 4613 ess'e
2432 4538 2770 4618 succesfio
2823 4539 2900 4619 in
2959 4561 3223 4638 motu,
3277 4546 3398 4625 vel
3468 4565 3813 4648 quacum·

563 4624 710 4704 tui.
763 4623 1067 4740 Creatio
1114 4644 1361 4703 autem
1417 4651 1653 4729 neque
1704 4631 1805 4708 est
1860 4655 2130 4732 motuS,
2237 4663 2384 4737 que
2457 4640 2775 4720 factione
2808 4696 2834 4736 ‚
2902 4647 3099 4744 quod
3195 4648 3269 4727 id
3307 4708 3332 4744 ,
3422 4645 3813 4730 secundum

562 4753 804 4842 neque
857 4745 1211 4842 terminus
1284 4745 1524 4809 motus
1569 4788 1593 4825 ,
1667 4732 1843 4814 ficut
1916 4762 2130 4834 gene·
2234 4742 2429 4839 quod
2484 4743 2580 4820 est
2638 4763 2929 4840 motus,
2981 4744 3080 4824 est
3128 4748 3494 4829 divisibile
3544 4751 3666 4832 vel
3722 4753 3819 4828 se-

559 4850 752 4908 ratio
803 4888 821 4905 .
879 4833 1112 4927 Igitur
1184 4829 1392 4907 nulla
1465 4833 1561 4911 est
1631 4835 1709 4912 in
1783 4835 1930 4936 ipsa
1983 4839 2128 4960 suc-
2231 4844 2551 4921 cundum
2607 4847 3096 4942 quantitatem
3136 4907 3159 4946 ‚
3218 4876 3297 4931 ut
3352 4849 3428 4932 in
3464 4873 3675 4933 motu
3711 4853 3811 4931 lo·

557 4932 779 5011 cessio
828 4989 846 5007 .

2230 4943 2422 5039 cali,
2478 4969 2554 5025 et
2607 4947 2683 5025 in
2739 4966 3185 5049 augmento,
3241 4957 3357 5032 vel
3414 4951 3809 5035 secundum

665 5063 734 5116 2.
791 5037 981 5113 Item
1016 5032 1098 5113 in
1122 5034 1334 5115 omni
1376 5052 1588 5124 motu
1626 5038 2127 5123 succeffivoest
2231 5044 2722 5132 intentionem
2764 5107 2787 5149 ‚
2860 5075 2935 5132 et
3013 5053 3553 5152 remiffionem,
3626 5054 3808 5135 ficut

3046 5160 3241 5231 52
3727 5153 3805 5238 in
