<?xml version="1.0" encoding="UTF-8"?>
<!DOCTYPE html PUBLIC "-//W3C//DTD XHTML 1.0 Transitional//EN"
    "http://www.w3.org/TR/xhtml1/DTD/xhtml1-transitional.dtd">
<html xmlns="http://www.w3.org/1999/xhtml" xml:lang="en" lang="en">
 <head>
  <title>
</title>
<meta http-equiv="Content-Type" content="text/html;charset=utf-8" />
  <meta name='ocr-system' content='tesseract 3.04.00' />
  <meta name='ocr-capabilities' content='ocr_page ocr_carea ocr_par ocr_line ocrx_word'/>
</head>
<body>
  <div class='ocr_page' id='page_1' title='image "./summacontragent00aqugoog_0129.png"; bbox 0 0 4597 5696; ppageno 0'>
   <div class='ocr_carea' id='block_1_1' title="bbox 1282 408 3194 489">
    <p class='ocr_par' dir='ltr' id='par_1_1' title="bbox 1282 408 3194 489">
     <span class='ocr_line' id='line_1_1' title="bbox 1282 408 3194 489; baseline -0.004 -2"><span class='ocrx_word' id='word_1_1' title='bbox 1282 415 1875 489; x_wconf 65' lang='lat' dir='ltr'>CONTRA</span> <span class='ocrx_word' id='word_1_2' title='bbox 1957 408 2711 487; x_wconf 74' lang='lat' dir='ltr'><strong>GENTILES</strong></span> <span class='ocrx_word' id='word_1_3' title='bbox 2792 415 3043 484; x_wconf 69' lang='lat'>1:13.</span> <span class='ocrx_word' id='word_1_4' title='bbox 3122 415 3194 480; x_wconf 72' lang='grc' dir='ltr'>Ῐτ</span> 
     </span>
    </p>
   </div>
   <div class='ocr_carea' id='block_1_2' title="bbox 613 523 3844 731">
    <p class='ocr_par' dir='ltr' id='par_1_2' title="bbox 613 523 3844 731">
     <span class='ocr_line' id='line_1_2' title="bbox 623 523 3844 649; baseline -0.001 -26"><span class='ocrx_word' id='word_1_5' title='bbox 623 537 888 624; x_wconf 72' lang='lat' dir='ltr'>scendo</span> <span class='ocrx_word' id='word_1_6' title='bbox 936 562 1050 621; x_wconf 83' lang='lat' dir='ltr'>res</span> <span class='ocrx_word' id='word_1_7' title='bbox 1072 593 1100 636; x_wconf 93' lang='lat'>,</span> <span class='ocrx_word' id='word_1_8' title='bbox 1150 535 1505 616; x_wconf 80' lang='lat' dir='ltr'>fimilatur</span> <span class='ocrx_word' id='word_1_9' title='bbox 1552 533 1817 616; x_wconf 89' lang='lat' dir='ltr'>virtuti</span> <span class='ocrx_word' id='word_1_10' title='bbox 1868 528 2173 647; x_wconf 51' lang='lat' dir='ltr'>afflvaef</span> <span class='ocrx_word' id='word_1_11' title='bbox 2277 541 2399 649; x_wconf 58' lang='lat' dir='ltr'>reg</span> <span class='ocrx_word' id='word_1_12' title='bbox 2444 523 2770 640; x_wconf 74' lang='lat' dir='ltr'>aliquam</span> <span class='ocrx_word' id='word_1_13' title='bbox 2821 523 3048 604; x_wconf 87' lang='lat' dir='ltr'>aliam</span> <span class='ocrx_word' id='word_1_14' title='bbox 3092 540 3430 646; x_wconf 70' lang='lat' dir='ltr'>naturam</span> <span class='ocrx_word' id='word_1_15' title='bbox 3484 530 3844 639; x_wconf 87' lang='lat' dir='ltr'>nobilem,</span> 
     </span>
     <span class='ocr_line' id='line_1_3' title="bbox 613 627 3842 731; baseline -0.005 -6"><span class='ocrx_word' id='word_1_16' title='bbox 613 641 1035 726; x_wconf 74' lang='lat' dir='ltr'>intelleE&#39;tus</span> <span class='ocrx_word' id='word_1_17' title='bbox 1133 639 1337 719; x_wconf 91' lang='lat' dir='ltr'>enim</span> <span class='ocrx_word' id='word_1_18' title='bbox 1408 638 1702 717; x_wconf 84' lang='lat' dir='ltr'>divinus</span> <span class='ocrx_word' id='word_1_19' title='bbox 1777 657 1930 713; x_wconf 91' lang='lat' dir='ltr'>non</span> <span class='ocrx_word' id='word_1_20' title='bbox 1998 658 2188 713; x_wconf 86' lang='lat' dir='ltr'>rec1·-</span> <span class='ocrx_word' id='word_1_21' title='bbox 2278 646 2606 721; x_wconf 65' lang='lat' dir='ltr'>mxime</span> <span class='ocrx_word' id='word_1_22' title='bbox 2641 627 3111 731; x_wconf 89' lang='lat' dir='ltr'>cognosceret</span> <span class='ocrx_word' id='word_1_23' title='bbox 3141 632 3478 713; x_wconf 73' lang='lat' dir='ltr'>ordinem</span> <span class='ocrx_word' id='word_1_24' title='bbox 3508 638 3842 720; x_wconf 69' lang='lat' dir='ltr'>universi,</span> 
     </span>
    </p>
   </div>
   <div class='ocr_carea' id='block_1_3' title="bbox 3779 419 3864 483">
    <p class='ocr_par' dir='ltr' id='par_1_3' title="bbox 3779 419 3864 483">
     <span class='ocr_line' id='line_1_4' title="bbox 3779 419 3864 483; baseline 0 0"><span class='ocrx_word' id='word_1_25' title='bbox 3779 419 3864 483; x_wconf 76' lang='lat'>83⁵</span> 
     </span>
    </p>
   </div>
   <div class='ocr_carea' id='block_1_4' title="bbox 547 734 2198 5182">
    <p class='ocr_par' dir='ltr' id='par_1_4' title="bbox 547 734 2186 2145">
     <span class='ocr_line' id='line_1_5' title="bbox 609 734 2172 849; baseline -0.008 -23"><span class='ocrx_word' id='word_1_26' title='bbox 609 746 886 849; x_wconf 83' lang='lat' dir='ltr'>piendo</span> <span class='ocrx_word' id='word_1_27' title='bbox 932 769 978 821; x_wconf 89' lang='lat' dir='ltr'>a</span> <span class='ocrx_word' id='word_1_28' title='bbox 1026 745 1240 823; x_wconf 89' lang='lat' dir='ltr'>rebus</span> <span class='ocrx_word' id='word_1_29' title='bbox 1292 740 1712 840; x_wconf 83' lang='lat' dir='ltr'>cognoscit,</span> <span class='ocrx_word' id='word_1_30' title='bbox 1766 737 1886 815; x_wconf 91' lang='lat' dir='ltr'>sed</span> <span class='ocrx_word' id='word_1_31' title='bbox 1935 734 2172 834; x_wconf 89' lang='lat' dir='ltr'>magis</span> 
     </span>
     <span class='ocr_line' id='line_1_6' title="bbox 607 835 2173 954; baseline -0.008 -27"><span class='ocrx_word' id='word_1_32' title='bbox 607 873 744 950; x_wconf 87' lang='lat' dir='ltr'>per.</span> <span class='ocrx_word' id='word_1_33' title='bbox 794 846 936 925; x_wconf 90' lang='lat' dir='ltr'>hoc</span> <span class='ocrx_word' id='word_1_34' title='bbox 985 845 1184 944; x_wconf 92' lang='lat' dir='ltr'>quod</span> <span class='ocrx_word' id='word_1_35' title='bbox 1234 842 1340 922; x_wconf 89' lang='lat' dir='ltr'>eis</span> <span class='ocrx_word' id='word_1_36' title='bbox 1380 841 1665 921; x_wconf 88' lang='lat' dir='ltr'>influit.</span> <span class='ocrx_word' id='word_1_37' title='bbox 1722 842 2000 954; x_wconf 44' lang='lat' dir='ltr'>Quum·</span> <span class='ocrx_word' id='word_1_38' title='bbox 2037 835 2173 936; x_wconf 87' lang='lat' dir='ltr'>igi-</span> 
     </span>
     <span class='ocr_line' id='line_1_7' title="bbox 547 938 2181 1042; baseline -0.009 -11"><span class='ocrx_word' id='word_1_39' title='bbox 547 980 552 983; x_wconf 46' lang='lat'>*</span> <span class='ocrx_word' id='word_1_40' title='bbox 614 969 739 1031; x_wconf 89' lang='lat' dir='ltr'>tur</span> <span class='ocrx_word' id='word_1_41' title='bbox 793 946 877 1026; x_wconf 84' lang='lat' dir='ltr'>fit</span> <span class='ocrx_word' id='word_1_42' title='bbox 931 945 1236 1024; x_wconf 77' lang='lat' dir='ltr'>infinita:</span> <span class='ocrx_word' id='word_1_43' title='bbox 1287 944 1583 1024; x_wconf 87' lang='lat' dir='ltr'>virtutis</span> <span class='ocrx_word' id='word_1_44' title='bbox 1630 945 1716 1042; x_wconf 77' lang='lat' dir='ltr'>jn</span> <span class='ocrx_word' id='word_1_45' title='bbox 1766 938 2181 1040; x_wconf 77' lang='lat' dir='ltr'>intelligen-</span> 
     </span>
     <span class='ocr_line' id='line_1_8' title="bbox 613 1039 2184 1148; baseline -0.01 -17"><span class='ocrx_word' id='word_1_46' title='bbox 613 1054 764 1145; x_wconf 84' lang='lat' dir='ltr'>do,</span> <span class='ocrx_word' id='word_1_47' title='bbox 819 1064 905 1127; x_wconf 91' lang='lat' dir='ltr'>ut</span> <span class='ocrx_word' id='word_1_48' title='bbox 952 1073 1045 1127; x_wconf 84' lang='lat' dir='ltr'>ex</span> <span class='ocrx_word' id='word_1_49' title='bbox 1095 1044 1514 1148; x_wconf 76' lang='lat' dir='ltr'>supradiffls</span> <span class='ocrx_word' id='word_1_50' title='bbox 1565 1045 1594 1144; x_wconf 90' lang='lat'>(</span> <span class='ocrx_word' id='word_1_51' title='bbox 1644 1066 1801 1144; x_wconf 88' lang='lat' dir='ltr'>cap.</span> <span class='ocrx_word' id='word_1_52' title='bbox 1844 1041 2096 1121; x_wconf 87' lang='lat' dir='ltr'>xl111.</span> <span class='ocrx_word' id='word_1_53' title='bbox 2151 1039 2184 1136; x_wconf 88' lang='lat'>)</span> 
     </span>
     <span class='ocr_line' id='line_1_9' title="bbox 611 1141 2184 1255; baseline -0.007 -25"><span class='ocrx_word' id='word_1_54' title='bbox 611 1166 817 1255; x_wconf 87' lang='lat' dir='ltr'>patet</span> <span class='ocrx_word' id='word_1_55' title='bbox 840 1203 868 1246; x_wconf 92' lang='lat'>,</span> <span class='ocrx_word' id='word_1_56' title='bbox 919 1166 1209 1250; x_wconf 85' lang='lat' dir='ltr'>oportet</span> <span class='ocrx_word' id='word_1_57' title='bbox 1309 1148 1464 1237; x_wconf 82' lang='lat' dir='ltr'>uod</span> <span class='ocrx_word' id='word_1_58' title='bbox 1504 1145 1696 1246; x_wconf 71' lang='lat' dir='ltr'>ejus⁴</span> <span class='ocrx_word' id='word_1_59' title='bbox 1711 1141 2045 1245; x_wconf 86' lang='lat' dir='ltr'>cognitio</span> <span class='ocrx_word' id='word_1_60' title='bbox 2073 1142 2184 1221; x_wconf 93' lang='lat' dir='ltr'>us-</span> 
     </span>
     <span class='ocr_line' id='line_1_10' title="bbox 621 1244 2182 1361; baseline -0.006 -29"><span class='ocrx_word' id='word_1_61' title='bbox 621 1277 767 1356; x_wconf 89' lang='lat' dir='ltr'>que</span> <span class='ocrx_word' id='word_1_62' title='bbox 822 1254 916 1331; x_wconf 92' lang='lat' dir='ltr'>ad</span> <span class='ocrx_word' id='word_1_63' title='bbox 970 1250 1234 1330; x_wconf 89' lang='lat' dir='ltr'>remoti</span> <span class='ocrx_word' id='word_1_64' title='bbox 1291 1273 1444 1328; x_wconf 80' lang='lat' dir='ltr'>rma</span> <span class='ocrx_word' id='word_1_65' title='bbox 1494 1249 1988 1360; x_wconf 38' lang='lat' dir='ltr'>extendatur?</span> <span class='ocrx_word' id='word_1_66' title='bbox 2038 1244 2182 1361; x_wconf 73' lang='lat' dir='ltr'>Sed</span> 
     </span>
     <span class='ocr_line' id='line_1_11' title="bbox 620 1348 2182 1457; baseline -0.005 -24"><span class='ocrx_word' id='word_1_67' title='bbox 620 1355 885 1457; x_wconf 85' lang='lat' dir='ltr'>gradus</span> <span class='ocrx_word' id='word_1_68' title='bbox 970 1352 1380 1433; x_wconf 80' lang='lat' dir='ltr'>nobilitatis</span> <span class='ocrx_word' id='word_1_69' title='bbox 1406 1405 1436 1449; x_wconf 95' lang='lat'>,</span> <span class='ocrx_word' id='word_1_70' title='bbox 1535 1351 1612 1430; x_wconf 70' lang='lat'>8&lt;</span> <span class='ocrx_word' id='word_1_71' title='bbox 1683 1348 2002 1428; x_wconf 78' lang='lat' dir='ltr'>vilitatis</span> <span class='ocrx_word' id='word_1_72' title='bbox 2100 1372 2182 1425; x_wconf 88' lang='lat' dir='ltr'>m</span> 
     </span>
     <span class='ocr_line' id='line_1_12' title="bbox 621 1448 2182 1537; baseline -0.006 -1"><span class='ocrx_word' id='word_1_73' title='bbox 621 1457 968 1537; x_wconf 87' lang='lat' dir='ltr'>omnibus</span> <span class='ocrx_word' id='word_1_74' title='bbox 1063 1454 1357 1534; x_wconf 83' lang='lat' dir='ltr'>entibus</span> <span class='ocrx_word' id='word_1_75' title='bbox 1453 1452 1851 1533; x_wconf 89' lang='lat' dir='ltr'>attenditur</span> <span class='ocrx_word' id='word_1_76' title='bbox 1939 1448 2182 1529; x_wconf 64' lang='lat' dir='ltr'>sneun—</span> 
     </span>
     <span class='ocr_line' id='line_1_13' title="bbox 611 1549 2177 1659; baseline -0.007 -20"><span class='ocrx_word' id='word_1_77' title='bbox 611 1561 791 1639; x_wconf 89' lang='lat' dir='ltr'>dum</span> <span class='ocrx_word' id='word_1_78' title='bbox 872 1556 1497 1659; x_wconf 85' lang='lat' dir='ltr'>propinquitatem</span> <span class='ocrx_word' id='word_1_79' title='bbox 1532 1608 1561 1648; x_wconf 94' lang='lat'>,</span> <span class='ocrx_word' id='word_1_80' title='bbox 1612 1553 1689 1647; x_wconf 79' lang='lat'>8&lt;</span> <span class='ocrx_word' id='word_1_81' title='bbox 1758 1549 2177 1631; x_wconf 87' lang='lat' dir='ltr'>distantiam</span> 
     </span>
     <span class='ocr_line' id='line_1_14' title="bbox 612 1651 2173 1759; baseline -0.008 -19"><span class='ocrx_word' id='word_1_82' title='bbox 612 1687 660 1740; x_wconf 92' lang='lat' dir='ltr'>a</span> <span class='ocrx_word' id='word_1_83' title='bbox 749 1664 914 1739; x_wconf 92' lang='lat' dir='ltr'>Deo</span> <span class='ocrx_word' id='word_1_84' title='bbox 965 1712 992 1752; x_wconf 92' lang='lat'>,</span> <span class='ocrx_word' id='word_1_85' title='bbox 1077 1658 1208 1759; x_wconf 90' lang='lat' dir='ltr'>qui</span> <span class='ocrx_word' id='word_1_86' title='bbox 1280 1655 1380 1734; x_wconf 90' lang='lat' dir='ltr'>est</span> <span class='ocrx_word' id='word_1_87' title='bbox 1452 1652 1758 1734; x_wconf 84' lang='lat' dir='ltr'>infinitae</span> <span class='ocrx_word' id='word_1_88' title='bbox 1832 1651 2173 1731; x_wconf 90' lang='lat' dir='ltr'>nobilita-</span> 
     </span>
     <span class='ocr_line' id='line_1_15' title="bbox 610 1752 2179 1861; baseline -0.009 -19"><span class='ocrx_word' id='word_1_89' title='bbox 610 1763 712 1842; x_wconf 85' lang='lat' dir='ltr'>tis</span> <span class='ocrx_word' id='word_1_90' title='bbox 781 1819 801 1838; x_wconf 90' lang='lat'>.</span> <span class='ocrx_word' id='word_1_91' title='bbox 909 1764 1115 1861; x_wconf 86' lang='lat' dir='ltr'>Ergo</span> <span class='ocrx_word' id='word_1_92' title='bbox 1190 1774 1840 1860; x_wconf 88' lang='lat' dir='ltr'>quantumcunque</span> <span class='ocrx_word' id='word_1_93' title='bbox 1927 1752 2179 1830; x_wconf 84' lang='lat' dir='ltr'>viliffi-</span> 
     </span>
     <span class='ocr_line' id='line_1_16' title="bbox 614 1860 2181 1956; baseline -0.008 -13"><span class='ocrx_word' id='word_1_94' title='bbox 614 1863 796 1943; x_wconf 84' lang='lat' dir='ltr'>fima</span> <span class='ocrx_word' id='word_1_95' title='bbox 849 1862 930 1941; x_wconf 91' lang='lat' dir='ltr'>in</span> <span class='ocrx_word' id='word_1_96' title='bbox 982 1860 1274 1940; x_wconf 80' lang='lat' dir='ltr'>entibus</span> <span class='ocrx_word' id='word_1_97' title='bbox 1320 1910 1348 1954; x_wconf 93' lang='lat'>,</span> <span class='ocrx_word' id='word_1_98' title='bbox 1426 1863 1629 1936; x_wconf 90' lang='lat' dir='ltr'>Deus</span> <span class='ocrx_word' id='word_1_99' title='bbox 1683 1868 1974 1956; x_wconf 89' lang='lat' dir='ltr'>propter</span> <span class='ocrx_word' id='word_1_100' title='bbox 2026 1879 2181 1931; x_wconf 87' lang='lat' dir='ltr'>ma·</span> 
     </span>
     <span class='ocr_line' id='line_1_17' title="bbox 618 1954 2186 2045; baseline -0.007 0"><span class='ocrx_word' id='word_1_101' title='bbox 618 1965 903 2045; x_wconf 83' lang='lat' dir='ltr'>ximam</span> <span class='ocrx_word' id='word_1_102' title='bbox 968 1963 1328 2043; x_wconf 82' lang='lat' dir='ltr'>virtu‘tem</span> <span class='ocrx_word' id='word_1_103' title='bbox 1403 1959 1514 2039; x_wconf 84' lang='lat' dir='ltr'>sui</span> <span class='ocrx_word' id='word_1_104' title='bbox 1580 1954 1996 2037; x_wconf 66' lang='lat' dir='ltr'>intenefius</span> <span class='ocrx_word' id='word_1_105' title='bbox 2065 1980 2186 2037; x_wconf 90' lang='lat' dir='ltr'>co-</span> 
     </span>
     <span class='ocr_line' id='line_1_18' title="bbox 679 2066 962 2145; baseline -0.018 1"><span class='ocrx_word' id='word_1_106' title='bbox 679 2066 912 2145; x_wconf 88' lang='lat' dir='ltr'>noscit</span> <span class='ocrx_word' id='word_1_107' title='bbox 942 2121 962 2141; x_wconf 93' lang='lat'><strong>.</strong></span> 
     </span>
    </p>

    <p class='ocr_par' dir='ltr' id='par_1_5' title="bbox 577 2090 2198 4402">
     <span class='ocr_line' id='line_1_19' title="bbox 611 2090 2179 2259; baseline -0.006 -14"><span class='ocrx_word' id='word_1_108' title='bbox 611 2090 671 2170; x_wconf 72' lang='lat' dir='ltr'>g</span> <span class='ocrx_word' id='word_1_109' title='bbox 727 2196 793 2244; x_wconf 86' lang='lat'>2.</span> <span class='ocrx_word' id='word_1_110' title='bbox 848 2170 1233 2244; x_wconf 81' lang='lat' dir='ltr'>Praeterea.</span> <span class='ocrx_word' id='word_1_111' title='bbox 1270 2164 1525 2242; x_wconf 87' lang='lat' dir='ltr'>Omne</span> <span class='ocrx_word' id='word_1_112' title='bbox 1554 2163 1753 2259; x_wconf 91' lang='lat' dir='ltr'>quod</span> <span class='ocrx_word' id='word_1_113' title='bbox 1776 2159 1853 2235; x_wconf 89' lang='lat' dir='ltr'>in</span> <span class='ocrx_word' id='word_1_114' title='bbox 1874 2159 2179 2258; x_wconf 89' lang='lat' dir='ltr'>eoquod</span> 
     </span>
     <span class='ocr_line' id='line_1_20' title="bbox 618 2258 2176 2365; baseline -0.006 -20"><span class='ocrx_word' id='word_1_115' title='bbox 618 2266 766 2364; x_wconf 81' lang='lat' dir='ltr'>est,</span> <span class='ocrx_word' id='word_1_116' title='bbox 819 2266 937 2344; x_wconf 92' lang='lat' dir='ltr'>vel</span> <span class='ocrx_word' id='word_1_117' title='bbox 991 2265 1205 2365; x_wconf 89' lang='lat' dir='ltr'>quale</span> <span class='ocrx_word' id='word_1_118' title='bbox 1256 2264 1434 2364; x_wconf 91' lang='lat' dir='ltr'>quid</span> <span class='ocrx_word' id='word_1_119' title='bbox 1486 2259 1632 2357; x_wconf 91' lang='lat' dir='ltr'>est,</span> <span class='ocrx_word' id='word_1_120' title='bbox 1682 2259 1849 2339; x_wconf 68' lang='lat' dir='ltr'>aRu</span> <span class='ocrx_word' id='word_1_121' title='bbox 1901 2258 2050 2352; x_wconf 86' lang='lat' dir='ltr'>est,</span> <span class='ocrx_word' id='word_1_122' title='bbox 2101 2258 2176 2336; x_wconf 82' lang='lat'>8&lt;</span> 
     </span>
     <span class='ocr_line' id='line_1_21' title="bbox 621 2357 2183 2466; baseline -0.006 -18"><span class='ocrx_word' id='word_1_123' title='bbox 621 2367 1025 2448; x_wconf 76' lang='lat' dir='ltr'>similitudo</span> <span class='ocrx_word' id='word_1_124' title='bbox 1077 2365 1300 2466; x_wconf 89' lang='lat' dir='ltr'>primi</span> <span class='ocrx_word' id='word_1_125' title='bbox 1351 2362 1555 2445; x_wconf 59' lang='lat' dir='ltr'>aelus</span> <span class='ocrx_word' id='word_1_126' title='bbox 1598 2361 1744 2456; x_wconf 90' lang='lat' dir='ltr'>est,</span> <span class='ocrx_word' id='word_1_127' title='bbox 1796 2361 1870 2439; x_wconf 74' lang='lat'>8&lt;</span> <span class='ocrx_word' id='word_1_128' title='bbox 1921 2384 2013 2439; x_wconf 90' lang='lat' dir='ltr'>ex</span> <span class='ocrx_word' id='word_1_129' title='bbox 2040 2357 2183 2438; x_wconf 92' lang='lat' dir='ltr'>hoc</span> 
     </span>
     <span class='ocr_line' id='line_1_22' title="bbox 624 2461 2181 2565; baseline -0.006 -16"><span class='ocrx_word' id='word_1_130' title='bbox 624 2469 1096 2549; x_wconf 83' lang='lat' dir='ltr'>nobilitatem</span> <span class='ocrx_word' id='word_1_131' title='bbox 1150 2466 1418 2545; x_wconf 88' lang='lat' dir='ltr'>habet:</span> <span class='ocrx_word' id='word_1_132' title='bbox 1476 2465 1653 2565; x_wconf 85' lang='lat' dir='ltr'>quia</span> <span class='ocrx_word' id='word_1_133' title='bbox 1703 2461 1932 2542; x_wconf 89' lang='lat' dir='ltr'>etiam</span> <span class='ocrx_word' id='word_1_134' title='bbox 1985 2463 2181 2562; x_wconf 91' lang='lat' dir='ltr'>quod</span> 
     </span>
     <span class='ocr_line' id='line_1_23' title="bbox 617 2560 2187 2673; baseline -0.007 -22"><span class='ocrx_word' id='word_1_135' title='bbox 617 2570 950 2673; x_wconf 89' lang='lat' dir='ltr'>potentia</span> <span class='ocrx_word' id='word_1_136' title='bbox 1021 2566 1122 2646; x_wconf 87' lang='lat' dir='ltr'>est</span> <span class='ocrx_word' id='word_1_137' title='bbox 1164 2624 1191 2665; x_wconf 88' lang='lat'>,</span> <span class='ocrx_word' id='word_1_138' title='bbox 1263 2593 1355 2648; x_wconf 85' lang='lat' dir='ltr'>ex</span> <span class='ocrx_word' id='word_1_139' title='bbox 1427 2568 1681 2648; x_wconf 86' lang='lat' dir='ltr'>ordine</span> <span class='ocrx_word' id='word_1_140' title='bbox 1747 2565 1842 2643; x_wconf 91' lang='lat' dir='ltr'>ad</span> <span class='ocrx_word' id='word_1_141' title='bbox 1891 2560 2187 2659; x_wconf 60' lang='lat' dir='ltr'>aestum,</span> 
     </span>
     <span class='ocr_line' id='line_1_24' title="bbox 619 2663 2186 2771; baseline -0.008 -18"><span class='ocrx_word' id='word_1_142' title='bbox 619 2669 1036 2753; x_wconf 88' lang='lat' dir='ltr'>nobilitatis</span> <span class='ocrx_word' id='word_1_143' title='bbox 1088 2668 1185 2750; x_wconf 87' lang='lat' dir='ltr'>est</span> <span class='ocrx_word' id='word_1_144' title='bbox 1224 2672 1628 2771; x_wconf 81' lang='lat' dir='ltr'>particeps,</span> <span class='ocrx_word' id='word_1_145' title='bbox 1678 2665 1775 2746; x_wconf 84' lang='lat' dir='ltr'>fic</span> <span class='ocrx_word' id='word_1_146' title='bbox 1828 2666 2034 2744; x_wconf 87' lang='lat' dir='ltr'>enim</span> <span class='ocrx_word' id='word_1_147' title='bbox 2084 2663 2186 2742; x_wconf 89' lang='lat' dir='ltr'>es·</span> 
     </span>
     <span class='ocr_line' id='line_1_25' title="bbox 624 2765 2186 2872; baseline -0.005 -19"><span class='ocrx_word' id='word_1_148' title='bbox 624 2774 700 2852; x_wconf 87' lang='lat' dir='ltr'>se</span> <span class='ocrx_word' id='word_1_149' title='bbox 750 2773 1018 2853; x_wconf 90' lang='lat' dir='ltr'>dicitur</span> <span class='ocrx_word' id='word_1_150' title='bbox 1068 2830 1088 2851; x_wconf 84' lang='lat'><strong>.</strong></span> <span class='ocrx_word' id='word_1_151' title='bbox 1161 2771 1635 2872; x_wconf 84' lang='lat' dir='ltr'>Relinquitur</span> <span class='ocrx_word' id='word_1_152' title='bbox 1712 2768 1939 2868; x_wconf 90' lang='lat' dir='ltr'>igitur</span> <span class='ocrx_word' id='word_1_153' title='bbox 1986 2765 2186 2868; x_wconf 92' lang='lat' dir='ltr'>quod</span> 
     </span>
     <span class='ocr_line' id='line_1_26' title="bbox 624 2869 2185 2976; baseline -0.006 -21"><span class='ocrx_word' id='word_1_154' title='bbox 624 2900 858 2955; x_wconf 84' lang='lat' dir='ltr'>unum</span> <span class='ocrx_word' id='word_1_155' title='bbox 911 2878 1197 2976; x_wconf 92' lang='lat' dir='ltr'>uodque</span> <span class='ocrx_word' id='word_1_156' title='bbox 1249 2875 1331 2951; x_wconf 91' lang='lat' dir='ltr'>in</span> <span class='ocrx_word' id='word_1_157' title='bbox 1384 2875 1454 2951; x_wconf 89' lang='lat' dir='ltr'>se</span> <span class='ocrx_word' id='word_1_158' title='bbox 1505 2869 2034 2951; x_wconf 77' lang='lat' dir='ltr'>confidemmm</span> <span class='ocrx_word' id='word_1_159' title='bbox 2054 2895 2185 2947; x_wconf 90' lang='lat' dir='ltr'>no·</span> 
     </span>
     <span class='ocr_line' id='line_1_27' title="bbox 630 2968 2185 3073; baseline -0.003 -19"><span class='ocrx_word' id='word_1_160' title='bbox 630 2975 781 3054; x_wconf 90' lang='lat' dir='ltr'>bile</span> <span class='ocrx_word' id='word_1_161' title='bbox 834 3002 874 3052; x_wconf 89' lang='lat' dir='ltr'>e</span> <span class='ocrx_word' id='word_1_162' title='bbox 950 3004 974 3069; x_wconf 66' lang='grc' dir='ltr'><strong>ς</strong></span> <span class='ocrx_word' id='word_1_163' title='bbox 1028 2976 1147 3055; x_wconf 92' lang='lat' dir='ltr'>sed</span> <span class='ocrx_word' id='word_1_164' title='bbox 1177 2971 1331 3053; x_wconf 75' lang='lat' dir='ltr'>vile&#39;</span> <span class='ocrx_word' id='word_1_165' title='bbox 1385 2973 1650 3053; x_wconf 90' lang='lat' dir='ltr'>dicitur</span> <span class='ocrx_word' id='word_1_166' title='bbox 1700 2968 2024 3073; x_wconf 66' lang='lat' dir='ltr'>respeftu</span> <span class='ocrx_word' id='word_1_167' title='bbox 2056 2996 2185 3050; x_wconf 90' lang='lat' dir='ltr'>no-</span> 
     </span>
     <span class='ocr_line' id='line_1_28' title="bbox 632 3073 2185 3156; baseline -0.001 -3"><span class='ocrx_word' id='word_1_168' title='bbox 632 3075 918 3154; x_wconf 90' lang='lat' dir='ltr'>bilioris</span> <span class='ocrx_word' id='word_1_169' title='bbox 943 3132 962 3152; x_wconf 89' lang='lat'><strong>.</strong></span> <span class='ocrx_word' id='word_1_170' title='bbox 1022 3083 1089 3156; x_wconf 90' lang='lat' dir='ltr'>A</span> <span class='ocrx_word' id='word_1_171' title='bbox 1150 3080 1315 3156; x_wconf 92' lang='lat' dir='ltr'>Deo</span> <span class='ocrx_word' id='word_1_172' title='bbox 1364 3095 1611 3155; x_wconf 87' lang='lat' dir='ltr'>autem</span> <span class='ocrx_word' id='word_1_173' title='bbox 1663 3074 1926 3154; x_wconf 87' lang='lat' dir='ltr'>distant</span> <span class='ocrx_word' id='word_1_174' title='bbox 1976 3073 2185 3154; x_wconf 90' lang='lat' dir='ltr'>nobi-</span> 
     </span>
     <span class='ocr_line' id='line_1_29' title="bbox 633 3175 2192 3256; baseline 0 -2"><span class='ocrx_word' id='word_1_175' title='bbox 633 3177 912 3255; x_wconf 81' lang='lat' dir='ltr'>lisfimae</span> <span class='ocrx_word' id='word_1_176' title='bbox 994 3178 1302 3255; x_wconf 89' lang='lat' dir='ltr'>aliarum</span> <span class='ocrx_word' id='word_1_177' title='bbox 1376 3203 1622 3256; x_wconf 89' lang='lat' dir='ltr'>rerum</span> <span class='ocrx_word' id='word_1_178' title='bbox 1706 3200 1860 3256; x_wconf 91' lang='lat' dir='ltr'>non</span> <span class='ocrx_word' id='word_1_179' title='bbox 1946 3175 2192 3255; x_wconf 87' lang='lat' dir='ltr'>minus</span> 
     </span>
     <span class='ocr_line' id='line_1_30' title="bbox 636 3277 2192 3378; baseline -0.001 -23"><span class='ocrx_word' id='word_1_180' title='bbox 636 3303 866 3378; x_wconf 91' lang='lat' dir='ltr'>quam</span> <span class='ocrx_word' id='word_1_181' title='bbox 938 3278 1216 3357; x_wconf 84' lang='lat' dir='ltr'>ultimae</span> <span class='ocrx_word' id='word_1_182' title='bbox 1289 3304 1531 3355; x_wconf 87' lang='lat' dir='ltr'>rerum</span> <span class='ocrx_word' id='word_1_183' title='bbox 1615 3297 2019 3356; x_wconf 89' lang='lat' dir='ltr'>creatarum</span> <span class='ocrx_word' id='word_1_184' title='bbox 2085 3277 2192 3355; x_wconf 91' lang='lat' dir='ltr'>di·</span> 
     </span>
     <span class='ocr_line' id='line_1_31' title="bbox 601 3378 2185 3479; baseline -0.001 -22"><span class='ocrx_word' id='word_1_185' title='bbox 601 3381 818 3468; x_wconf 52' lang='lat' dir='ltr'>,stent</span> <span class='ocrx_word' id='word_1_186' title='bbox 866 3404 910 3457; x_wconf 91' lang='lat' dir='ltr'>a</span> <span class='ocrx_word' id='word_1_187' title='bbox 963 3379 1310 3479; x_wconf 88' lang='lat' dir='ltr'>supremis</span> <span class='ocrx_word' id='word_1_188' title='bbox 1354 3438 1371 3456; x_wconf 90' lang='lat'><strong>.</strong></span> <span class='ocrx_word' id='word_1_189' title='bbox 1449 3380 1526 3458; x_wconf 81' lang='lat' dir='ltr'>Si</span> <span class='ocrx_word' id='word_1_190' title='bbox 1581 3378 1806 3477; x_wconf 88' lang='lat' dir='ltr'>igitur</span> <span class='ocrx_word' id='word_1_191' title='bbox 1873 3378 2024 3456; x_wconf 80' lang='lat' dir='ltr'>haec</span> <span class='ocrx_word' id='word_1_192' title='bbox 2075 3379 2185 3456; x_wconf 89' lang='lat' dir='ltr'>di-</span> 
     </span>
     <span class='ocr_line' id='line_1_32' title="bbox 630 3478 2188 3584; baseline -0.003 -24"><span class='ocrx_word' id='word_1_193' title='bbox 630 3480 890 3560; x_wconf 83' lang='lat' dir='ltr'>stantia</span> <span class='ocrx_word' id='word_1_194' title='bbox 959 3481 1346 3580; x_wconf 90' lang='lat' dir='ltr'>impediret</span> <span class='ocrx_word' id='word_1_195' title='bbox 1427 3479 1768 3559; x_wconf 81' lang='lat' dir='ltr'>divinam</span> <span class='ocrx_word' id='word_1_196' title='bbox 1826 3478 2188 3584; x_wconf 86' lang='lat' dir='ltr'>cognitio-</span> 
     </span>
     <span class='ocr_line' id='line_1_33' title="bbox 629 3579 2198 3682; baseline -0.001 -23"><span class='ocrx_word' id='word_1_197' title='bbox 629 3606 805 3660; x_wconf 88' lang='lat' dir='ltr'>nem</span> <span class='ocrx_word' id='word_1_198' title='bbox 853 3637 882 3678; x_wconf 94' lang='lat'>,</span> <span class='ocrx_word' id='word_1_199' title='bbox 947 3583 1189 3661; x_wconf 88' lang='lat' dir='ltr'>multo</span> <span class='ocrx_word' id='word_1_200' title='bbox 1248 3582 1490 3682; x_wconf 87' lang='lat' dir='ltr'>magis</span> <span class='ocrx_word' id='word_1_201' title='bbox 1568 3580 1958 3679; x_wconf 90' lang='lat' dir='ltr'>impediret</span> <span class='ocrx_word' id='word_1_202' title='bbox 2026 3579 2198 3672; x_wconf 68' lang='lat' dir='ltr'>illa,</span> 
     </span>
     <span class='ocr_line' id='line_1_34' title="bbox 631 3680 2198 3784; baseline -0.002 -23"><span class='ocrx_word' id='word_1_203' title='bbox 631 3684 705 3761; x_wconf 78' lang='lat'>8&lt;</span> <span class='ocrx_word' id='word_1_204' title='bbox 793 3681 886 3762; x_wconf 85' lang='lat' dir='ltr'>fic</span> <span class='ocrx_word' id='word_1_205' title='bbox 956 3683 1371 3783; x_wconf 85' lang='lat' dir='ltr'>sequeretur</span> <span class='ocrx_word' id='word_1_206' title='bbox 1446 3684 1643 3784; x_wconf 91' lang='lat' dir='ltr'>quod</span> <span class='ocrx_word' id='word_1_207' title='bbox 1729 3680 1921 3759; x_wconf 83' lang='lat' dir='ltr'>nihil</span> <span class='ocrx_word' id='word_1_208' title='bbox 1995 3685 2198 3760; x_wconf 88' lang='lat' dir='ltr'>Deus</span> 
     </span>
     <span class='ocr_line' id='line_1_35' title="bbox 634 3783 2192 3884; baseline -0.002 -20"><span class='ocrx_word' id='word_1_209' title='bbox 634 3784 1107 3884; x_wconf 88' lang='lat' dir='ltr'>cognosceret</span> <span class='ocrx_word' id='word_1_210' title='bbox 1163 3785 1361 3864; x_wconf 85' lang='lat' dir='ltr'>aliud</span> <span class='ocrx_word' id='word_1_211' title='bbox 1427 3812 1471 3863; x_wconf 94' lang='lat' dir='ltr'>a</span> <span class='ocrx_word' id='word_1_212' title='bbox 1522 3785 1649 3862; x_wconf 89' lang='lat' dir='ltr'>se:</span> <span class='ocrx_word' id='word_1_213' title='bbox 1717 3783 1912 3883; x_wconf 89' lang='lat' dir='ltr'>quod</span> <span class='ocrx_word' id='word_1_214' title='bbox 1985 3783 2192 3884; x_wconf 91' lang='lat' dir='ltr'>supra</span> 
     </span>
     <span class='ocr_line' id='line_1_36' title="bbox 638 3883 2194 3987; baseline 0.001 -25"><span class='ocrx_word' id='word_1_215' title='bbox 638 3884 1143 3984; x_wconf 91' lang='lat' dir='ltr'>improbatum</span> <span class='ocrx_word' id='word_1_216' title='bbox 1211 3885 1366 3964; x_wconf 59' lang='lat' dir='ltr'>est&lt;</span> <span class='ocrx_word' id='word_1_217' title='bbox 1448 3887 1545 3967; x_wconf 83' lang='lat' dir='ltr'>Si</span> <span class='ocrx_word' id='word_1_218' title='bbox 1620 3884 1852 3987; x_wconf 45' lang='lat' dir='ltr'>igitur,</span> <span class='ocrx_word' id='word_1_219' title='bbox 1911 3883 2194 3984; x_wconf 86' lang='lat' dir='ltr'>aliquid</span> 
     </span>
     <span class='ocr_line' id='line_1_37' title="bbox 631 3985 2196 4087; baseline 0.002 -26"><span class='ocrx_word' id='word_1_220' title='bbox 631 3985 834 4063; x_wconf 85' lang='lat' dir='ltr'>aliud</span> <span class='ocrx_word' id='word_1_221' title='bbox 883 4012 927 4063; x_wconf 93' lang='lat' dir='ltr'>a</span> <span class='ocrx_word' id='word_1_222' title='bbox 965 3988 1033 4064; x_wconf 90' lang='lat' dir='ltr'>se</span> <span class='ocrx_word' id='word_1_223' title='bbox 1069 3988 1581 4087; x_wconf 87' lang='lat' dir='ltr'>cognosceret,</span> <span class='ocrx_word' id='word_1_224' title='bbox 1633 4004 2196 4085; x_wconf 90' lang='lat' dir='ltr'>quantumcum-</span> 
     </span>
     <span class='ocr_line' id='line_1_38' title="bbox 631 4087 2195 4189; baseline 0.001 -24"><span class='ocrx_word' id='word_1_225' title='bbox 631 4110 775 4186; x_wconf 90' lang='lat' dir='ltr'>que</span> <span class='ocrx_word' id='word_1_226' title='bbox 829 4088 1365 4166; x_wconf 82' lang='lat' dir='ltr'>nobiliffimum</span> <span class='ocrx_word' id='word_1_227' title='bbox 1415 4144 1440 4182; x_wconf 95' lang='lat'>,</span> <span class='ocrx_word' id='word_1_228' title='bbox 1511 4087 1668 4189; x_wconf 89' lang='lat' dir='ltr'>pari</span> <span class='ocrx_word' id='word_1_229' title='bbox 1743 4090 2026 4167; x_wconf 83' lang='lat' dir='ltr'>ratione</span> <span class='ocrx_word' id='word_1_230' title='bbox 2075 4113 2195 4166; x_wconf 90' lang='lat' dir='ltr'>co-</span> 
     </span>
     <span class='ocr_line' id='line_1_39' title="bbox 577 4188 2194 4291; baseline 0.005 -29"><span class='ocrx_word' id='word_1_231' title='bbox 577 4276 588 4286; x_wconf 36' lang='lat'><strong>·</strong></span> <span class='ocrx_word' id='word_1_232' title='bbox 634 4188 1011 4282; x_wconf 86' lang='lat' dir='ltr'>gnosceret</span> <span class='ocrx_word' id='word_1_233' title='bbox 1044 4190 1464 4287; x_wconf 85' lang='lat' dir='ltr'>quodlibet,</span> <span class='ocrx_word' id='word_1_234' title='bbox 1516 4207 2194 4291; x_wconf 88' lang='lat' dir='ltr'>quantumcumque</span> 
     </span>
     <span class='ocr_line' id='line_1_40' title="bbox 633 4287 2126 4402; baseline 0.004 -38"><span class='ocrx_word' id='word_1_235' title='bbox 633 4287 924 4365; x_wconf 84' lang='lat' dir='ltr'>dicatur</span> <span class='ocrx_word' id='word_1_236' title='bbox 971 4288 1446 4402; x_wconf 69' lang='lat' dir='ltr'>vilissimum.</span> <span class='ocrx_word' id='word_1_237' title='bbox 2123 4365 2126 4370; x_wconf 88' lang='lat'>.</span> 
     </span>
    </p>

    <p class='ocr_par' dir='ltr' id='par_1_6' title="bbox 627 4390 2192 5103">
     <span class='ocr_line' id='line_1_41' title="bbox 635 4390 2192 4595; baseline 0.006 -30"><span class='ocrx_word' id='word_1_238' title='bbox 635 4412 820 4565; x_wconf 44' lang='lat' dir='ltr'>aa</span> <span class='ocrx_word' id='word_1_239' title='bbox 875 4390 1216 4568; x_wconf 50' lang='lat'>3353?</span> <span class='ocrx_word' id='word_1_240' title='bbox 1249 4449 1347 4568; x_wconf 56' lang='lat' dir='ltr'>:2st</span> <span class='ocrx_word' id='word_1_241' title='bbox 1363 4394 1980 4595; x_wconf 55' lang='lat' dir='ltr'>Bsffiess‘ssssss</span> <span class='ocrx_word' id='word_1_242' title='bbox 2031 4419 2192 4574; x_wconf 69' lang='lat'>333:</span> 
     </span>
     <span class='ocr_line' id='line_1_42' title="bbox 634 4587 2191 4695; baseline 0.005 -28"><span class='ocrx_word' id='word_1_243' title='bbox 634 4587 821 4667; x_wconf 82' lang='lat' dir='ltr'>verli</span> <span class='ocrx_word' id='word_1_244' title='bbox 860 4644 886 4683; x_wconf 96' lang='lat'>,</span> <span class='ocrx_word' id='word_1_245' title='bbox 940 4615 1170 4689; x_wconf 89' lang='lat' dir='ltr'>quum</span> <span class='ocrx_word' id='word_1_246' title='bbox 1223 4611 1458 4692; x_wconf 87' lang='lat' dir='ltr'>partes</span> <span class='ocrx_word' id='word_1_247' title='bbox 1509 4595 1800 4695; x_wconf 67' lang='lat' dir='ltr'>lingulae</span> <span class='ocrx_word' id='word_1_248' title='bbox 1855 4597 2191 4675; x_wconf 88' lang='lat' dir='ltr'>ordinen-</span> 
     </span>
     <span class='ocr_line' id='line_1_43' title="bbox 628 4691 2191 4795; baseline 0.006 -27"><span class='ocrx_word' id='word_1_249' title='bbox 628 4706 755 4768; x_wconf 81' lang='lat' dir='ltr'>tur</span> <span class='ocrx_word' id='word_1_250' title='bbox 806 4691 897 4769; x_wconf 91' lang='lat' dir='ltr'>ad</span> <span class='ocrx_word' id='word_1_251' title='bbox 949 4693 1229 4769; x_wconf 89' lang='lat' dir='ltr'>bonum</span> <span class='ocrx_word' id='word_1_252' title='bbox 1280 4693 1602 4790; x_wconf 86' lang='lat' dir='ltr'>ordinis,</span> <span class='ocrx_word' id='word_1_253' title='bbox 1653 4697 1782 4795; x_wconf 91' lang='lat' dir='ltr'>qui</span> <span class='ocrx_word' id='word_1_254' title='bbox 1835 4697 1936 4775; x_wconf 90' lang='lat' dir='ltr'>est</span> <span class='ocrx_word' id='word_1_255' title='bbox 1990 4700 2068 4777; x_wconf 88' lang='lat' dir='ltr'>in</span> <span class='ocrx_word' id='word_1_256' title='bbox 2086 4716 2191 4777; x_wconf 89' lang='lat' dir='ltr'>to-</span> 
     </span>
     <span class='ocr_line' id='line_1_44' title="bbox 627 4790 2189 4896; baseline 0.006 -26"><span class='ocrx_word' id='word_1_257' title='bbox 627 4804 716 4870; x_wconf 91' lang='lat' dir='ltr'>to</span> <span class='ocrx_word' id='word_1_258' title='bbox 788 4790 968 4872; x_wconf 83' lang='lat' dir='ltr'>ficut</span> <span class='ocrx_word' id='word_1_259' title='bbox 1034 4794 1126 4871; x_wconf 91' lang='lat' dir='ltr'>ad</span> <span class='ocrx_word' id='word_1_260' title='bbox 1198 4792 1421 4872; x_wconf 83' lang='lat' dir='ltr'>finem</span> <span class='ocrx_word' id='word_1_261' title='bbox 1459 4849 1484 4890; x_wconf 91' lang='lat'>,</span> <span class='ocrx_word' id='word_1_262' title='bbox 1556 4813 1637 4874; x_wconf 92' lang='lat' dir='ltr'>ut</span> <span class='ocrx_word' id='word_1_263' title='bbox 1690 4821 1819 4896; x_wconf 88' lang='lat' dir='ltr'>per</span> <span class='ocrx_word' id='word_1_264' title='bbox 1869 4800 2189 4880; x_wconf 87' lang='lat' dir='ltr'>Philoso-</span> 
     </span>
     <span class='ocr_line' id='line_1_45' title="bbox 631 4891 2189 5002; baseline 0.008 -34"><span class='ocrx_word' id='word_1_265' title='bbox 631 4891 862 4995; x_wconf 89' lang='lat' dir='ltr'>phum</span> <span class='ocrx_word' id='word_1_266' title='bbox 917 4911 1118 4994; x_wconf 87' lang='lat' dir='ltr'>patet</span> <span class='ocrx_word' id='word_1_267' title='bbox 1171 4895 1250 4973; x_wconf 92' lang='lat' dir='ltr'>in</span> <span class='ocrx_word' id='word_1_268' title='bbox 1273 4896 1445 4974; x_wconf 87' lang='lat' dir='ltr'><strong>XII.</strong></span> <span class='ocrx_word' id='word_1_269' title='bbox 1501 4898 1920 5002; x_wconf 80' lang='lat' dir='ltr'>Metaphys.</span> <span class='ocrx_word' id='word_1_270' title='bbox 1969 4901 2189 4997; x_wconf 86' lang='lat' dir='ltr'>(text.</span> 
     </span>
     <span class='ocr_line' id='line_1_46' title="bbox 629 4995 2190 5103; baseline 0.003 -27"><span class='ocrx_word' id='word_1_271' title='bbox 629 5019 823 5076; x_wconf 90' lang='lat' dir='ltr'>com.</span> <span class='ocrx_word' id='word_1_272' title='bbox 878 4995 1095 5093; x_wconf 86' lang='lat'><em>111.)</em></span> <span class='ocrx_word' id='word_1_273' title='bbox 1148 4997 1224 5076; x_wconf 89' lang='lat' dir='ltr'>Si</span> <span class='ocrx_word' id='word_1_274' title='bbox 1276 4997 1504 5096; x_wconf 89' lang='lat' dir='ltr'>igitur</span> <span class='ocrx_word' id='word_1_275' title='bbox 1558 5002 1759 5078; x_wconf 87' lang='lat' dir='ltr'>Deus</span> <span class='ocrx_word' id='word_1_276' title='bbox 1810 5002 2190 5103; x_wconf 86' lang='lat' dir='ltr'>cognosce·</span> 
     </span>
    </p>

    <p class='ocr_par' dir='ltr' id='par_1_7' title="bbox 733 5095 1709 5182">
     <span class='ocr_line' id='line_1_47' title="bbox 733 5095 1709 5182; baseline 0.006 -6"><span class='ocrx_word' id='word_1_277' title='bbox 733 5105 808 5176; x_wconf 83' lang='lat' dir='ltr'>S.</span> <span class='ocrx_word' id='word_1_278' title='bbox 816 5095 1428 5182; x_wconf 78' lang='lat' dir='ltr'>Th.Contr.Gent.</span> <span class='ocrx_word' id='word_1_279' title='bbox 1435 5106 1709 5182; x_wconf 76' lang='lat' dir='ltr'>Tam-l.</span> 
     </span>
    </p>
   </div>
   <div class='ocr_carea' id='block_1_5' title="bbox 2273 732 3979 5192">
    <p class='ocr_par' dir='ltr' id='par_1_8' title="bbox 2273 732 3854 1443">
     <span class='ocr_line' id='line_1_48' title="bbox 2278 732 3848 838; baseline 0.006 -27"><span class='ocrx_word' id='word_1_280' title='bbox 2278 732 2449 811; x_wconf 88' lang='lat' dir='ltr'>Hoc</span> <span class='ocrx_word' id='word_1_281' title='bbox 2499 746 2752 811; x_wconf 89' lang='lat' dir='ltr'>autem</span> <span class='ocrx_word' id='word_1_282' title='bbox 2801 732 3145 830; x_wconf 87' lang='lat' dir='ltr'>cognosci</span> <span class='ocrx_word' id='word_1_283' title='bbox 3183 756 3335 814; x_wconf 90' lang='lat' dir='ltr'>non</span> <span class='ocrx_word' id='word_1_284' title='bbox 3377 736 3657 838; x_wconf 88' lang='lat' dir='ltr'>potest,</span> <span class='ocrx_word' id='word_1_285' title='bbox 3708 742 3848 822; x_wconf 84' lang='lat' dir='ltr'>nili</span> 
     </span>
     <span class='ocr_line' id='line_1_49' title="bbox 2273 833 3849 942; baseline 0.006 -31"><span class='ocrx_word' id='word_1_286' title='bbox 2273 833 2807 930; x_wconf 77' lang='lat' dir='ltr'>cognoscantur</span> <span class='ocrx_word' id='word_1_287' title='bbox 2872 833 3241 914; x_wconf 89' lang='lat' dir='ltr'>nobiliora</span> <span class='ocrx_word' id='word_1_288' title='bbox 3291 891 3319 933; x_wconf 95' lang='lat'>,</span> <span class='ocrx_word' id='word_1_289' title='bbox 3387 838 3468 918; x_wconf 88' lang='lat'>&amp;</span> <span class='ocrx_word' id='word_1_290' title='bbox 3519 839 3789 921; x_wconf 88' lang='lat' dir='ltr'>viliora</span> <span class='ocrx_word' id='word_1_291' title='bbox 3818 899 3849 942; x_wconf 85' lang='lat'>,</span> 
     </span>
     <span class='ocr_line' id='line_1_50' title="bbox 2283 933 3854 1035; baseline 0.009 -23"><span class='ocrx_word' id='word_1_292' title='bbox 2283 933 2366 1012; x_wconf 88' lang='lat' dir='ltr'>in</span> <span class='ocrx_word' id='word_1_293' title='bbox 2414 958 2730 1035; x_wconf 88' lang='lat' dir='ltr'>quorum</span> <span class='ocrx_word' id='word_1_294' title='bbox 2758 933 3157 1033; x_wconf 43' lang='lat' dir='ltr'>⁸‚distantiis</span> <span class='ocrx_word' id='word_1_295' title='bbox 3201 988 3233 1032; x_wconf 81' lang='lat'>,</span> <span class='ocrx_word' id='word_1_296' title='bbox 3279 937 3356 1017; x_wconf 80' lang='lat'>8&lt;</span> <span class='ocrx_word' id='word_1_297' title='bbox 3406 937 3854 1025; x_wconf 81' lang='lat' dir='ltr'>habitudini-</span> 
     </span>
     <span class='ocr_line' id='line_1_51' title="bbox 2282 1035 3848 1148; baseline 0.01 -36"><span class='ocrx_word' id='word_1_298' title='bbox 2282 1035 2418 1114; x_wconf 90' lang='lat' dir='ltr'>bus</span> <span class='ocrx_word' id='word_1_299' title='bbox 2471 1039 2650 1116; x_wconf 91' lang='lat' dir='ltr'>ordo</span> <span class='ocrx_word' id='word_1_300' title='bbox 2690 1036 3003 1117; x_wconf 80' lang='lat' dir='ltr'>universi</span> <span class='ocrx_word' id='word_1_301' title='bbox 3037 1038 3397 1119; x_wconf 78' lang='lat' dir='ltr'>consistit.</span> <span class='ocrx_word' id='word_1_302' title='bbox 3453 1044 3848 1148; x_wconf 83' lang='lat' dir='ltr'>Relinqui-</span> 
     </span>
     <span class='ocr_line' id='line_1_52' title="bbox 2285 1138 3847 1243; baseline 0.01 -28"><span class='ocrx_word' id='word_1_303' title='bbox 2285 1153 2402 1215; x_wconf 89' lang='lat' dir='ltr'>tur</span> <span class='ocrx_word' id='word_1_304' title='bbox 2453 1138 2682 1237; x_wconf 89' lang='lat' dir='ltr'>igitur</span> <span class='ocrx_word' id='word_1_305' title='bbox 2753 1141 2952 1240; x_wconf 92' lang='lat' dir='ltr'>quod</span> <span class='ocrx_word' id='word_1_306' title='bbox 3008 1145 3213 1220; x_wconf 90' lang='lat' dir='ltr'>Deus</span> <span class='ocrx_word' id='word_1_307' title='bbox 3262 1146 3640 1243; x_wconf 87' lang='lat' dir='ltr'>cognoscit</span> <span class='ocrx_word' id='word_1_308' title='bbox 3688 1174 3847 1230; x_wconf 89' lang='lat' dir='ltr'>non</span> 
     </span>
     <span class='ocr_line' id='line_1_53' title="bbox 2282 1238 3850 1351; baseline 0.01 -36"><span class='ocrx_word' id='word_1_309' title='bbox 2282 1238 2520 1318; x_wconf 89' lang='lat' dir='ltr'>solum</span> <span class='ocrx_word' id='word_1_310' title='bbox 2569 1241 2853 1322; x_wconf 86' lang='lat' dir='ltr'>nobilia</span> <span class='ocrx_word' id='word_1_311' title='bbox 2891 1297 2921 1341; x_wconf 93' lang='lat'>,</span> <span class='ocrx_word' id='word_1_312' title='bbox 2993 1242 3116 1323; x_wconf 87' lang='lat' dir='ltr'>sed</span> <span class='ocrx_word' id='word_1_313' title='bbox 3167 1243 3398 1324; x_wconf 86' lang='lat' dir='ltr'>etiam</span> <span class='ocrx_word' id='word_1_314' title='bbox 3447 1271 3610 1351; x_wconf 81' lang='lat' dir='ltr'>quae</span> <span class='ocrx_word' id='word_1_315' title='bbox 3662 1249 3850 1330; x_wconf 72' lang='lat' dir='ltr'>vilia</span> 
     </span>
     <span class='ocr_line' id='line_1_54' title="bbox 2284 1360 2925 1443; baseline 0 -25"><span class='ocrx_word' id='word_1_316' title='bbox 2284 1360 2744 1443; x_wconf 86' lang='lat' dir='ltr'>reputantur.</span> <span class='ocrx_word' id='word_1_317' title='bbox 2918 1410 2925 1418; x_wconf 87' lang='lat'>.</span> 
     </span>
    </p>

    <p class='ocr_par' dir='ltr' id='par_1_9' title="bbox 2275 1445 3979 3377">
     <span class='ocr_line' id='line_1_55' title="bbox 2383 1445 3979 1554; baseline 0.008 -30"><span class='ocrx_word' id='word_1_318' title='bbox 2383 1472 2457 1544; x_wconf 88' lang='lat'>4.</span> <span class='ocrx_word' id='word_1_319' title='bbox 2512 1445 2777 1526; x_wconf 88' lang='lat' dir='ltr'>Adhuc</span> <span class='ocrx_word' id='word_1_320' title='bbox 2814 1503 2836 1526; x_wconf 87' lang='lat'><strong>.</strong></span> <span class='ocrx_word' id='word_1_321' title='bbox 2906 1446 3180 1529; x_wconf 87' lang='lat' dir='ltr'>Vilitas</span> <span class='ocrx_word' id='word_1_322' title='bbox 3227 1448 3700 1554; x_wconf 88' lang='lat' dir='ltr'>cognitorum</span> <span class='ocrx_word' id='word_1_323' title='bbox 3756 1455 3846 1536; x_wconf 88' lang='lat' dir='ltr'>in</span> <span class='ocrx_word' id='word_1_324' title='bbox 3974 1548 3979 1551; x_wconf 49' lang='grc'><strong>,</strong></span> 
     </span>
     <span class='ocr_line' id='line_1_56' title="bbox 2278 1549 3849 1673; baseline 0.005 -46"><span class='ocrx_word' id='word_1_325' title='bbox 2278 1549 2846 1646; x_wconf 88' lang='lat' dir='ltr'>cognoscentem</span> <span class='ocrx_word' id='word_1_326' title='bbox 2914 1577 3067 1630; x_wconf 92' lang='lat' dir='ltr'>non</span> <span class='ocrx_word' id='word_1_327' title='bbox 3119 1551 3475 1634; x_wconf 87' lang='lat' dir='ltr'>redundat</span> <span class='ocrx_word' id='word_1_328' title='bbox 3545 1580 3677 1673; x_wconf 83' lang='lat' dir='ltr'>per</span> <span class='ocrx_word' id='word_1_329' title='bbox 3729 1558 3802 1638; x_wconf 83' lang='lat' dir='ltr'>se</span> <span class='ocrx_word' id='word_1_330' title='bbox 3824 1585 3849 1635; x_wconf 72' lang='grc' dir='ltr'>ε</span> 
     </span>
     <span class='ocr_line' id='line_1_57' title="bbox 2278 1649 3853 1754; baseline 0.006 -26"><span class='ocrx_word' id='word_1_331' title='bbox 2278 1650 2421 1729; x_wconf 90' lang='lat' dir='ltr'>hoc</span> <span class='ocrx_word' id='word_1_332' title='bbox 2472 1649 2570 1728; x_wconf 90' lang='lat' dir='ltr'>est</span> <span class='ocrx_word' id='word_1_333' title='bbox 2622 1653 2826 1729; x_wconf 88' lang='lat' dir='ltr'>enim</span> <span class='ocrx_word' id='word_1_334' title='bbox 2877 1652 2969 1730; x_wconf 90' lang='lat' dir='ltr'>de</span> <span class='ocrx_word' id='word_1_335' title='bbox 3021 1652 3304 1731; x_wconf 90' lang='lat' dir='ltr'>ratione</span> <span class='ocrx_word' id='word_1_336' title='bbox 3354 1658 3853 1754; x_wconf 74' lang='lat' dir='ltr'>cognitioniS,</span> 
     </span>
     <span class='ocr_line' id='line_1_58' title="bbox 2282 1752 3841 1854; baseline 0.006 -25"><span class='ocrx_word' id='word_1_337' title='bbox 2282 1768 2366 1829; x_wconf 91' lang='lat' dir='ltr'>ut</span> <span class='ocrx_word' id='word_1_338' title='bbox 2432 1752 2877 1849; x_wconf 84' lang='lat' dir='ltr'>cognoscens</span> <span class='ocrx_word' id='word_1_339' title='bbox 2949 1755 3329 1834; x_wconf 87' lang='lat' dir='ltr'>contineat</span> <span class='ocrx_word' id='word_1_340' title='bbox 3396 1755 3685 1854; x_wconf 84' lang='lat' dir='ltr'>species-</span> <span class='ocrx_word' id='word_1_341' title='bbox 3718 1786 3841 1838; x_wconf 88' lang='lat' dir='ltr'>co-</span> 
     </span>
     <span class='ocr_line' id='line_1_59' title="bbox 2278 1850 3854 1967; baseline 0.008 -41"><span class='ocrx_word' id='word_1_342' title='bbox 2278 1850 2474 1951; x_wconf 90' lang='lat' dir='ltr'>gniti</span> <span class='ocrx_word' id='word_1_343' title='bbox 2529 1853 2922 1933; x_wconf 90' lang='lat' dir='ltr'>secundum</span> <span class='ocrx_word' id='word_1_344' title='bbox 2992 1857 3299 1934; x_wconf 89' lang='lat' dir='ltr'>modum</span> <span class='ocrx_word' id='word_1_345' title='bbox 3375 1855 3644 1936; x_wconf 88' lang='lat' dir='ltr'>suum:</span> <span class='ocrx_word' id='word_1_346' title='bbox 3719 1884 3854 1967; x_wconf 87' lang='lat' dir='ltr'>per</span> 
     </span>
     <span class='ocr_line' id='line_1_60' title="bbox 2285 1952 3851 2071; baseline 0.006 -41"><span class='ocrx_word' id='word_1_347' title='bbox 2285 1952 2620 2033; x_wconf 84' lang='lat' dir='ltr'>accidens</span> <span class='ocrx_word' id='word_1_348' title='bbox 2684 1973 2934 2035; x_wconf 89' lang='lat' dir='ltr'>autem</span> <span class='ocrx_word' id='word_1_349' title='bbox 2998 1955 3230 2071; x_wconf 82' lang='lat' dir='ltr'>potest</span> <span class='ocrx_word' id='word_1_350' title='bbox 3311 1958 3712 2042; x_wconf 87' lang='lat' dir='ltr'>redundare</span> <span class='ocrx_word' id='word_1_351' title='bbox 3765 1962 3851 2040; x_wconf 89' lang='lat' dir='ltr'>in</span> 
     </span>
     <span class='ocr_line' id='line_1_61' title="bbox 2283 2054 3853 2157; baseline 0.008 -27"><span class='ocrx_word' id='word_1_352' title='bbox 2283 2054 2848 2154; x_wconf 91' lang='lat' dir='ltr'>cognoscentem</span> <span class='ocrx_word' id='word_1_353' title='bbox 2880 2055 3129 2138; x_wconf 74' lang='lat' dir='ltr'>vilitas</span> <span class='ocrx_word' id='word_1_354' title='bbox 3159 2058 3633 2157; x_wconf 88' lang='lat' dir='ltr'>cognitorum</span> <span class='ocrx_word' id='word_1_355' title='bbox 3652 2116 3678 2157; x_wconf 91' lang='lat'>,</span> <span class='ocrx_word' id='word_1_356' title='bbox 3724 2062 3853 2143; x_wconf 86' lang='lat' dir='ltr'>vel</span> 
     </span>
     <span class='ocr_line' id='line_1_62' title="bbox 2275 2157 3855 2256; baseline 0.005 -22"><span class='ocrx_word' id='word_1_357' title='bbox 2275 2181 2372 2234; x_wconf 87' lang='lat' dir='ltr'>eo</span> <span class='ocrx_word' id='word_1_358' title='bbox 2420 2157 2616 2255; x_wconf 93' lang='lat' dir='ltr'>quod</span> <span class='ocrx_word' id='word_1_359' title='bbox 2668 2157 2844 2235; x_wconf 91' lang='lat' dir='ltr'>dum</span> <span class='ocrx_word' id='word_1_360' title='bbox 2898 2157 3081 2236; x_wconf 88' lang='lat' dir='ltr'>vilia</span> <span class='ocrx_word' id='word_1_361' title='bbox 3131 2158 3571 2256; x_wconf 83' lang='lat' dir='ltr'>considerat,</span> <span class='ocrx_word' id='word_1_362' title='bbox 3624 2188 3668 2240; x_wconf 92' lang='lat' dir='ltr'>a</span> <span class='ocrx_word' id='word_1_363' title='bbox 3721 2189 3855 2242; x_wconf 87' lang='lat' dir='ltr'>no·</span> 
     </span>
     <span class='ocr_line' id='line_1_63' title="bbox 2277 2252 3848 2362; baseline 0.005 -28"><span class='ocrx_word' id='word_1_364' title='bbox 2277 2252 2666 2335; x_wconf 89' lang='lat' dir='ltr'>bilioribus</span> <span class='ocrx_word' id='word_1_365' title='bbox 2718 2252 3153 2337; x_wconf 86' lang='lat' dir='ltr'>abstrahitur</span> <span class='ocrx_word' id='word_1_366' title='bbox 3200 2260 3612 2359; x_wconf 89' lang='lat' dir='ltr'>cogitandis</span> <span class='ocrx_word' id='word_1_367' title='bbox 3644 2317 3672 2362; x_wconf 89' lang='lat'>,</span> <span class='ocrx_word' id='word_1_368' title='bbox 3722 2262 3848 2344; x_wconf 83' lang='lat' dir='ltr'>vel</span> 
     </span>
     <span class='ocr_line' id='line_1_64' title="bbox 2285 2357 3853 2458; baseline 0.007 -23"><span class='ocrx_word' id='word_1_369' title='bbox 2285 2381 2377 2435; x_wconf 88' lang='lat' dir='ltr'>eo</span> <span class='ocrx_word' id='word_1_370' title='bbox 2427 2360 2624 2458; x_wconf 89' lang='lat' dir='ltr'>quod</span> <span class='ocrx_word' id='word_1_371' title='bbox 2673 2383 2765 2437; x_wconf 85' lang='lat' dir='ltr'>ex</span> <span class='ocrx_word' id='word_1_372' title='bbox 2815 2357 3389 2440; x_wconf 74' lang='lat' dir='ltr'>consideratione</span> <span class='ocrx_word' id='word_1_373' title='bbox 3440 2363 3715 2445; x_wconf 88' lang='lat' dir='ltr'>vilium</span> <span class='ocrx_word' id='word_1_374' title='bbox 3770 2367 3853 2446; x_wconf 91' lang='lat' dir='ltr'>in</span> 
     </span>
     <span class='ocr_line' id='line_1_65' title="bbox 2281 2458 3854 2560; baseline 0.006 -24"><span class='ocrx_word' id='word_1_375' title='bbox 2281 2458 2562 2560; x_wconf 87' lang='lat' dir='ltr'>aliquas</span> <span class='ocrx_word' id='word_1_376' title='bbox 2632 2460 2991 2542; x_wconf 88' lang='lat' dir='ltr'>indebitas</span> <span class='ocrx_word' id='word_1_377' title='bbox 3056 2461 3481 2542; x_wconf 71' lang='lat' dir='ltr'>affeffiones</span> <span class='ocrx_word' id='word_1_378' title='bbox 3541 2466 3854 2547; x_wconf 89' lang='lat' dir='ltr'>inclina-</span> 
     </span>
     <span class='ocr_line' id='line_1_66' title="bbox 2285 2563 3854 2664; baseline 0.004 -24"><span class='ocrx_word' id='word_1_379' title='bbox 2285 2578 2460 2640; x_wconf 87' lang='lat' dir='ltr'>tur:</span> <span class='ocrx_word' id='word_1_380' title='bbox 2534 2563 2732 2662; x_wconf 92' lang='lat' dir='ltr'>quod</span> <span class='ocrx_word' id='word_1_381' title='bbox 2783 2563 3083 2664; x_wconf 88' lang='lat' dir='ltr'>quidem</span> <span class='ocrx_word' id='word_1_382' title='bbox 3153 2564 3233 2641; x_wconf 91' lang='lat' dir='ltr'>in</span> <span class='ocrx_word' id='word_1_383' title='bbox 3286 2568 3454 2645; x_wconf 92' lang='lat' dir='ltr'>Deo</span> <span class='ocrx_word' id='word_1_384' title='bbox 3506 2569 3645 2646; x_wconf 82' lang='lat' dir='ltr'>effe</span> <span class='ocrx_word' id='word_1_385' title='bbox 3696 2594 3854 2648; x_wconf 90' lang='lat' dir='ltr'>non</span> 
     </span>
     <span class='ocr_line' id='line_1_67' title="bbox 2287 2662 3853 2764; baseline 0.004 -22"><span class='ocrx_word' id='word_1_386' title='bbox 2287 2662 2669 2763; x_wconf 84' lang='lat' dir='ltr'>potest,ut</span> <span class='ocrx_word' id='word_1_387' title='bbox 2717 2663 3042 2745; x_wconf 72' lang='lat' dir='ltr'>exdiElis</span> <span class='ocrx_word' id='word_1_388' title='bbox 3095 2664 3297 2764; x_wconf 87' lang='lat' dir='ltr'>(cap.</span> <span class='ocrx_word' id='word_1_389' title='bbox 3348 2692 3721 2746; x_wconf 83' lang='lat' dir='ltr'>xxxvrrr.</span> <span class='ocrx_word' id='word_1_390' title='bbox 3774 2669 3853 2748; x_wconf 76' lang='lat'>8&lt;</span> 
     </span>
     <span class='ocr_line' id='line_1_68' title="bbox 2282 2765 3846 2870; baseline 0.003 -24"><span class='ocrx_word' id='word_1_391' title='bbox 2282 2790 2549 2846; x_wconf 82' lang='lat' dir='ltr'>xxxrx.</span> <span class='ocrx_word' id='word_1_392' title='bbox 2602 2765 2632 2864; x_wconf 92' lang='lat'>)</span> <span class='ocrx_word' id='word_1_393' title='bbox 2681 2780 2884 2867; x_wconf 87' lang='lat' dir='ltr'>patet</span> <span class='ocrx_word' id='word_1_394' title='bbox 2930 2823 2951 2844; x_wconf 89' lang='lat'><strong>.</strong></span> <span class='ocrx_word' id='word_1_395' title='bbox 3031 2766 3213 2845; x_wconf 92' lang='lat' dir='ltr'>Non</span> <span class='ocrx_word' id='word_1_396' title='bbox 3269 2765 3495 2867; x_wconf 89' lang='lat' dir='ltr'>igitur</span> <span class='ocrx_word' id='word_1_397' title='bbox 3543 2770 3846 2870; x_wconf 87' lang='lat' dir='ltr'>derogat</span> 
     </span>
     <span class='ocr_line' id='line_1_69' title="bbox 2285 2867 3850 2951; baseline 0.002 -3"><span class='ocrx_word' id='word_1_398' title='bbox 2285 2867 2554 2950; x_wconf 82' lang='lat' dir='ltr'>divinae</span> <span class='ocrx_word' id='word_1_399' title='bbox 2624 2868 3001 2949; x_wconf 90' lang='lat' dir='ltr'>nobilitati</span> <span class='ocrx_word' id='word_1_400' title='bbox 3084 2868 3354 2947; x_wconf 89' lang='lat' dir='ltr'>vilium</span> <span class='ocrx_word' id='word_1_401' title='bbox 3430 2894 3674 2949; x_wconf 89' lang='lat' dir='ltr'>rerum</span> <span class='ocrx_word' id='word_1_402' title='bbox 3726 2898 3850 2951; x_wconf 89' lang='lat' dir='ltr'>co-</span> 
     </span>
     <span class='ocr_line' id='line_1_70' title="bbox 2285 2968 3857 3070; baseline 0.003 -24"><span class='ocrx_word' id='word_1_403' title='bbox 2285 2968 2530 3069; x_wconf 91' lang='lat' dir='ltr'>gnitio</span> <span class='ocrx_word' id='word_1_404' title='bbox 2567 3024 2593 3063; x_wconf 96' lang='lat'>,</span> <span class='ocrx_word' id='word_1_405' title='bbox 2671 2968 2791 3048; x_wconf 87' lang='lat' dir='ltr'>sed</span> <span class='ocrx_word' id='word_1_406' title='bbox 2864 2971 3102 3069; x_wconf 88' lang='lat' dir='ltr'>magis</span> <span class='ocrx_word' id='word_1_407' title='bbox 3154 2968 3469 3070; x_wconf 88' lang='lat' dir='ltr'>pertinet</span> <span class='ocrx_word' id='word_1_408' title='bbox 3519 2973 3611 3050; x_wconf 88' lang='lat' dir='ltr'>ad</span> <span class='ocrx_word' id='word_1_409' title='bbox 3662 2972 3857 3052; x_wconf 87' lang='lat' dir='ltr'>divi-</span> 
     </span>
     <span class='ocr_line' id='line_1_71' title="bbox 2284 3067 3849 3172; baseline 0.004 -23"><span class='ocrx_word' id='word_1_410' title='bbox 2284 3096 2463 3150; x_wconf 86' lang='lat' dir='ltr'>nam</span> <span class='ocrx_word' id='word_1_411' title='bbox 2534 3067 3062 3172; x_wconf 72' lang='lat' dir='ltr'>perfefflonem</span> <span class='ocrx_word' id='word_1_412' title='bbox 3104 3127 3131 3167; x_wconf 93' lang='lat'>,</span> <span class='ocrx_word' id='word_1_413' title='bbox 3203 3071 3598 3152; x_wconf 89' lang='lat' dir='ltr'>secundum</span> <span class='ocrx_word' id='word_1_414' title='bbox 3701 3075 3849 3156; x_wconf 90' lang='lat' dir='ltr'>uod</span> 
     </span>
     <span class='ocr_line' id='line_1_72' title="bbox 2291 3172 3854 3277; baseline 0.001 -23"><span class='ocrx_word' id='word_1_415' title='bbox 2291 3174 2549 3254; x_wconf 86' lang='lat' dir='ltr'>omnia</span> <span class='ocrx_word' id='word_1_416' title='bbox 2622 3172 2707 3252; x_wconf 90' lang='lat' dir='ltr'>in</span> <span class='ocrx_word' id='word_1_417' title='bbox 2774 3172 2845 3252; x_wconf 89' lang='lat' dir='ltr'>se</span> <span class='ocrx_word' id='word_1_418' title='bbox 2916 3174 3066 3275; x_wconf 90' lang='lat' dir='ltr'>ipsa</span> <span class='ocrx_word' id='word_1_419' title='bbox 3134 3172 3360 3253; x_wconf 87' lang='lat' dir='ltr'>habet</span> <span class='ocrx_word' id='word_1_420' title='bbox 3393 3226 3421 3270; x_wconf 95' lang='lat'>,</span> <span class='ocrx_word' id='word_1_421' title='bbox 3489 3191 3573 3253; x_wconf 88' lang='lat' dir='ltr'>ut</span> <span class='ocrx_word' id='word_1_422' title='bbox 3671 3202 3854 3277; x_wconf 88' lang='lat' dir='ltr'>upra</span> 
     </span>
     <span class='ocr_line' id='line_1_73' title="bbox 2290 3273 3847 3377; baseline 0.002 -23"><span class='ocrx_word' id='word_1_423' title='bbox 2290 3275 2322 3373; x_wconf 89' lang='lat'>(</span> <span class='ocrx_word' id='word_1_424' title='bbox 2373 3301 2529 3377; x_wconf 85' lang='lat' dir='ltr'>cap.</span> <span class='ocrx_word' id='word_1_425' title='bbox 2578 3301 2794 3355; x_wconf 85' lang='lat' dir='ltr'>xxxr.</span> <span class='ocrx_word' id='word_1_426' title='bbox 2843 3273 2919 3353; x_wconf 73' lang='lat'>8&lt;</span> <span class='ocrx_word' id='word_1_427' title='bbox 2971 3275 3120 3354; x_wconf 78' lang='lat' dir='ltr'>liv.</span> <span class='ocrx_word' id='word_1_428' title='bbox 3174 3275 3202 3373; x_wconf 97' lang='lat'><em>)</em></span> <span class='ocrx_word' id='word_1_429' title='bbox 3269 3273 3631 3355; x_wconf 87' lang='lat' dir='ltr'>ostensum</span> <span class='ocrx_word' id='word_1_430' title='bbox 3707 3277 3847 3357; x_wconf 86' lang='lat' dir='ltr'>est.</span> 
     </span>
    </p>

    <p class='ocr_par' dir='ltr' id='par_1_10' title="bbox 2283 3376 3889 5190">
     <span class='ocr_line' id='line_1_74' title="bbox 2398 3376 3862 3478; baseline 0.004 -26"><span class='ocrx_word' id='word_1_431' title='bbox 2398 3401 2463 3473; x_wconf 81' lang='grc' dir='ltr'>ς.</span> <span class='ocrx_word' id='word_1_432' title='bbox 2517 3376 2782 3455; x_wconf 89' lang='lat' dir='ltr'>Adhuc</span> <span class='ocrx_word' id='word_1_433' title='bbox 2821 3431 2842 3452; x_wconf 88' lang='lat'><strong>.</strong></span> <span class='ocrx_word' id='word_1_434' title='bbox 2913 3376 3173 3455; x_wconf 87' lang='lat' dir='ltr'>Virtus</span> <span class='ocrx_word' id='word_1_435' title='bbox 3238 3376 3483 3478; x_wconf 63' lang='lat' dir='ltr'>aliqffl</span> <span class='ocrx_word' id='word_1_436' title='bbox 3537 3404 3686 3457; x_wconf 90' lang='lat' dir='ltr'>non</span> <span class='ocrx_word' id='word_1_437' title='bbox 3744 3378 3862 3477; x_wconf 57' lang='lat' dir='ltr'>ju«</span> 
     </span>
     <span class='ocr_line' id='line_1_75' title="bbox 2283 3474 3851 3581; baseline 0.003 -28"><span class='ocrx_word' id='word_1_438' title='bbox 2283 3474 2571 3554; x_wconf 85' lang='lat' dir='ltr'>dicatur</span> <span class='ocrx_word' id='word_1_439' title='bbox 2638 3501 2863 3577; x_wconf 85' lang='lat' dir='ltr'>parva</span> <span class='ocrx_word' id='word_1_440' title='bbox 2929 3501 3088 3576; x_wconf 82' lang='lat' dir='ltr'>quae</span> <span class='ocrx_word' id='word_1_441' title='bbox 3168 3475 3249 3554; x_wconf 90' lang='lat' dir='ltr'>in</span> <span class='ocrx_word' id='word_1_442' title='bbox 3297 3502 3522 3578; x_wconf 89' lang='lat' dir='ltr'>parva</span> <span class='ocrx_word' id='word_1_443' title='bbox 3573 3481 3851 3581; x_wconf 86' lang='lat' dir='ltr'>potest,</span> 
     </span>
     <span class='ocr_line' id='line_1_76' title="bbox 2302 3577 3858 3694; baseline 0.004 -40"><span class='ocrx_word' id='word_1_444' title='bbox 2302 3577 2422 3655; x_wconf 91' lang='lat' dir='ltr'>sed</span> <span class='ocrx_word' id='word_1_445' title='bbox 2477 3601 2636 3677; x_wconf 79' lang='lat' dir='ltr'>quae</span> <span class='ocrx_word' id='word_1_446' title='bbox 2686 3578 2780 3657; x_wconf 91' lang='lat' dir='ltr'>ad</span> <span class='ocrx_word' id='word_1_447' title='bbox 2813 3602 3039 3694; x_wconf 85' lang='lat' dir='ltr'>parva</span> <span class='ocrx_word' id='word_1_448' title='bbox 3064 3580 3627 3659; x_wconf 87' lang='lat' dir='ltr'>determinatur:</span> <span class='ocrx_word' id='word_1_449' title='bbox 3683 3607 3858 3661; x_wconf 90' lang='lat' dir='ltr'>nam</span> 
     </span>
     <span class='ocr_line' id='line_1_77' title="bbox 2293 3679 3862 3797; baseline 0.005 -39"><span class='ocrx_word' id='word_1_450' title='bbox 2293 3679 2532 3759; x_wconf 88' lang='lat' dir='ltr'>virtus</span> <span class='ocrx_word' id='word_1_451' title='bbox 2585 3704 2746 3780; x_wconf 80' lang='lat' dir='ltr'>quae</span> <span class='ocrx_word' id='word_1_452' title='bbox 2813 3705 2896 3776; x_wconf 63' lang='lat' dir='ltr'>in</span> <span class='ocrx_word' id='word_1_453' title='bbox 2943 3703 3217 3782; x_wconf 87' lang='lat' dir='ltr'>magna</span> <span class='ocrx_word' id='word_1_454' title='bbox 3266 3681 3498 3797; x_wconf 81' lang='lat' dir='ltr'>potest</span> <span class='ocrx_word' id='word_1_455' title='bbox 3532 3738 3559 3779; x_wconf 95' lang='lat'>,</span> <span class='ocrx_word' id='word_1_456' title='bbox 3631 3684 3862 3766; x_wconf 80' lang='lat' dir='ltr'>etiam</span> 
     </span>
     <span class='ocr_line' id='line_1_78' title="bbox 2294 3779 3856 3887; baseline 0.005 -28"><span class='ocrx_word' id='word_1_457' title='bbox 2294 3780 2377 3859; x_wconf 91' lang='lat' dir='ltr'>in</span> <span class='ocrx_word' id='word_1_458' title='bbox 2426 3805 2649 3882; x_wconf 91' lang='lat' dir='ltr'>parva</span> <span class='ocrx_word' id='word_1_459' title='bbox 2698 3779 2930 3882; x_wconf 85' lang='lat' dir='ltr'>potest</span> <span class='ocrx_word' id='word_1_460' title='bbox 2960 3839 2981 3860; x_wconf 88' lang='lat'><strong>.</strong></span> <span class='ocrx_word' id='word_1_461' title='bbox 3059 3784 3415 3886; x_wconf 87' lang='lat' dir='ltr'>Cogmtio</span> <span class='ocrx_word' id='word_1_462' title='bbox 3464 3809 3644 3884; x_wconf 88' lang='lat' dir='ltr'>ergo</span> <span class='ocrx_word' id='word_1_463' title='bbox 3692 3811 3856 3887; x_wconf 73' lang='lat' dir='ltr'>quae</span> 
     </span>
     <span class='ocr_line' id='line_1_79' title="bbox 2291 3880 3853 3986; baseline 0.003 -25"><span class='ocrx_word' id='word_1_464' title='bbox 2291 3881 2506 3962; x_wconf 67' lang='lat' dir='ltr'>timul</span> <span class='ocrx_word' id='word_1_465' title='bbox 2557 3880 2788 3983; x_wconf 84' lang='lat' dir='ltr'>potest</span> <span class='ocrx_word' id='word_1_466' title='bbox 2818 3884 3257 3981; x_wconf 85' lang='lat' dir='ltr'>innobilia,</span> <span class='ocrx_word' id='word_1_467' title='bbox 3306 3886 3381 3965; x_wconf 75' lang='lat'>8&lt;</span> <span class='ocrx_word' id='word_1_468' title='bbox 3417 3886 3647 3986; x_wconf 88' lang='lat' dir='ltr'>vilia,</span> <span class='ocrx_word' id='word_1_469' title='bbox 3698 3913 3853 3966; x_wconf 91' lang='lat' dir='ltr'>non</span> 
     </span>
     <span class='ocr_line' id='line_1_80' title="bbox 2297 3982 3859 4088; baseline 0.002 -24"><span class='ocrx_word' id='word_1_470' title='bbox 2297 3982 2399 4064; x_wconf 88' lang='lat' dir='ltr'>est</span> <span class='ocrx_word' id='word_1_471' title='bbox 2453 3983 2832 4083; x_wconf 81' lang='lat' dir='ltr'>judicanda</span> <span class='ocrx_word' id='word_1_472' title='bbox 2881 3987 3056 4069; x_wconf 87' lang='lat' dir='ltr'>vilis</span> <span class='ocrx_word' id='word_1_473' title='bbox 3104 4016 3131 4086; x_wconf 71' lang='grc' dir='ltr'><strong>ς</strong></span> <span class='ocrx_word' id='word_1_474' title='bbox 3212 3987 3333 4068; x_wconf 87' lang='lat' dir='ltr'>sed</span> <span class='ocrx_word' id='word_1_475' title='bbox 3384 3987 3511 4066; x_wconf 90' lang='lat' dir='ltr'>illa</span> <span class='ocrx_word' id='word_1_476' title='bbox 3563 4014 3720 4088; x_wconf 79' lang='lat' dir='ltr'>quae</span> <span class='ocrx_word' id='word_1_477' title='bbox 3777 3989 3859 4067; x_wconf 89' lang='lat' dir='ltr'>in</span> 
     </span>
     <span class='ocr_line' id='line_1_81' title="bbox 2294 4085 3860 4189; baseline 0.004 -25"><span class='ocrx_word' id='word_1_478' title='bbox 2294 4085 2481 4164; x_wconf 88' lang='lat' dir='ltr'>vilia</span> <span class='ocrx_word' id='word_1_479' title='bbox 2534 4101 2822 4166; x_wconf 89' lang='lat' dir='ltr'>tantum</span> <span class='ocrx_word' id='word_1_480' title='bbox 2870 4088 3103 4189; x_wconf 85' lang='lat' dir='ltr'>potest</span> <span class='ocrx_word' id='word_1_481' title='bbox 3136 4144 3163 4187; x_wconf 94' lang='lat'>,</span> <span class='ocrx_word' id='word_1_482' title='bbox 3233 4086 3415 4169; x_wconf 89' lang='lat' dir='ltr'>ficut</span> <span class='ocrx_word' id='word_1_483' title='bbox 3483 4089 3566 4166; x_wconf 91' lang='lat' dir='ltr'>in</span> <span class='ocrx_word' id='word_1_484' title='bbox 3643 4089 3860 4171; x_wconf 86' lang='lat' dir='ltr'>nobis</span> 
     </span>
     <span class='ocr_line' id='line_1_82' title="bbox 2295 4184 3861 4272; baseline 0.005 -7"><span class='ocrx_word' id='word_1_485' title='bbox 2295 4184 2599 4267; x_wconf 88' lang='lat' dir='ltr'>accidit:</span> <span class='ocrx_word' id='word_1_486' title='bbox 2652 4213 2829 4267; x_wconf 87' lang='lat' dir='ltr'>nam</span> <span class='ocrx_word' id='word_1_487' title='bbox 2879 4188 3027 4268; x_wconf 86' lang='lat' dir='ltr'>alia</span> <span class='ocrx_word' id='word_1_488' title='bbox 3057 4187 3633 4271; x_wconf 78' lang='lat' dir='ltr'>consideratione</span> <span class='ocrx_word' id='word_1_489' title='bbox 3684 4216 3861 4272; x_wconf 89' lang='lat' dir='ltr'>con-</span> 
     </span>
     <span class='ocr_line' id='line_1_83' title="bbox 2295 4288 3856 4391; baseline 0.003 -24"><span class='ocrx_word' id='word_1_490' title='bbox 2295 4288 2685 4369; x_wconf 71' lang='lat' dir='ltr'>sideramus</span> <span class='ocrx_word' id='word_1_491' title='bbox 2720 4289 3018 4388; x_wconf 89' lang='lat' dir='ltr'>divina,</span> <span class='ocrx_word' id='word_1_492' title='bbox 3053 4292 3128 4370; x_wconf 80' lang='lat'>8&lt;</span> <span class='ocrx_word' id='word_1_493' title='bbox 3162 4291 3537 4391; x_wconf 77' lang='lat' dir='ltr'>humana,</span> <span class='ocrx_word' id='word_1_494' title='bbox 3585 4294 3661 4374; x_wconf 88' lang='lat'>&amp;</span> <span class='ocrx_word' id='word_1_495' title='bbox 3709 4295 3856 4374; x_wconf 83' lang='lat' dir='ltr'>alia</span> 
     </span>
     <span class='ocr_line' id='line_1_84' title="bbox 2292 4390 3864 4498; baseline 0.003 -30"><span class='ocrx_word' id='word_1_496' title='bbox 2292 4390 2594 4471; x_wconf 89' lang='lat' dir='ltr'>scientia</span> <span class='ocrx_word' id='word_1_497' title='bbox 2659 4391 2760 4470; x_wconf 86' lang='lat' dir='ltr'>est</span> <span class='ocrx_word' id='word_1_498' title='bbox 2810 4393 3179 4495; x_wconf 85' lang='lat' dir='ltr'>utriusque</span> <span class='ocrx_word' id='word_1_499' title='bbox 3220 4421 3247 4487; x_wconf 73' lang='grc' dir='ltr'><strong>ς</strong></span> <span class='ocrx_word' id='word_1_500' title='bbox 3320 4397 3514 4476; x_wconf 86' lang='lat' dir='ltr'>unde</span> <span class='ocrx_word' id='word_1_501' title='bbox 3566 4422 3864 4498; x_wconf 81' lang='lat' dir='ltr'>compa-</span> 
     </span>
     <span class='ocr_line' id='line_1_85' title="bbox 2292 4493 3889 4585; baseline 0.002 -15"><span class='ocrx_word' id='word_1_502' title='bbox 2292 4493 2577 4572; x_wconf 87' lang='lat' dir='ltr'>ratione</span> <span class='ocrx_word' id='word_1_503' title='bbox 2653 4493 3042 4575; x_wconf 88' lang='lat' dir='ltr'>nobilioris</span> <span class='ocrx_word' id='word_1_504' title='bbox 3121 4493 3426 4576; x_wconf 87' lang='lat' dir='ltr'>inferior</span> <span class='ocrx_word' id='word_1_505' title='bbox 3475 4498 3700 4577; x_wconf 85' lang='lat' dir='ltr'>vilior</span> <span class='ocrx_word' id='word_1_506' title='bbox 3750 4520 3889 4585; x_wconf 52' lang='lat' dir='ltr'>re·-⁴</span> 
     </span>
     <span class='ocr_line' id='line_1_86' title="bbox 2293 4598 3860 4697; baseline 0.002 -21"><span class='ocrx_word' id='word_1_507' title='bbox 2293 4611 2589 4697; x_wconf 89' lang='lat' dir='ltr'>putatur</span> <span class='ocrx_word' id='word_1_508' title='bbox 2615 4652 2634 4672; x_wconf 90' lang='lat'><strong>.</strong></span> <span class='ocrx_word' id='word_1_509' title='bbox 2691 4598 2783 4674; x_wconf 89' lang='lat' dir='ltr'>In</span> <span class='ocrx_word' id='word_1_510' title='bbox 2833 4599 3002 4676; x_wconf 88' lang='lat' dir='ltr'>Deo</span> <span class='ocrx_word' id='word_1_511' title='bbox 3052 4616 3302 4678; x_wconf 89' lang='lat' dir='ltr'>autem</span> <span class='ocrx_word' id='word_1_512' title='bbox 3353 4624 3505 4680; x_wconf 89' lang='lat' dir='ltr'>non</span> <span class='ocrx_word' id='word_1_513' title='bbox 3557 4600 3657 4677; x_wconf 87' lang='lat' dir='ltr'>est</span> <span class='ocrx_word' id='word_1_514' title='bbox 3712 4599 3860 4682; x_wconf 82' lang='lat' dir='ltr'>fic:</span> 
     </span>
     <span class='ocr_line' id='line_1_87' title="bbox 2291 4697 3856 4796; baseline 0.006 -22"><span class='ocrx_word' id='word_1_515' title='bbox 2291 4721 2469 4774; x_wconf 90' lang='lat' dir='ltr'>nam</span> <span class='ocrx_word' id='word_1_516' title='bbox 2520 4697 2779 4775; x_wconf 88' lang='lat' dir='ltr'>eadem</span> <span class='ocrx_word' id='word_1_517' title='bbox 2830 4697 3178 4796; x_wconf 88' lang='lat' dir='ltr'>scientia,</span> <span class='ocrx_word' id='word_1_518' title='bbox 3229 4703 3301 4780; x_wconf 80' lang='lat'>8&lt;</span> <span class='ocrx_word' id='word_1_519' title='bbox 3343 4697 3856 4783; x_wconf 79' lang='lat' dir='ltr'>consideratio·</span> 
     </span>
     <span class='ocr_line' id='line_1_88' title="bbox 2290 4797 3854 4898; baseline 0.004 -23"><span class='ocrx_word' id='word_1_520' title='bbox 2290 4822 2389 4876; x_wconf 88' lang='lat' dir='ltr'>ne</span> <span class='ocrx_word' id='word_1_521' title='bbox 2438 4797 2509 4875; x_wconf 88' lang='lat' dir='ltr'>se</span> <span class='ocrx_word' id='word_1_522' title='bbox 2562 4797 2799 4898; x_wconf 90' lang='lat' dir='ltr'>ipsum</span> <span class='ocrx_word' id='word_1_523' title='bbox 2832 4854 2859 4895; x_wconf 94' lang='lat'>,</span> <span class='ocrx_word' id='word_1_524' title='bbox 2910 4802 2985 4881; x_wconf 74' lang='lat'>8&lt;</span> <span class='ocrx_word' id='word_1_525' title='bbox 3035 4802 3291 4881; x_wconf 89' lang='lat' dir='ltr'>omnia</span> <span class='ocrx_word' id='word_1_526' title='bbox 3342 4801 3486 4880; x_wconf 91' lang='lat' dir='ltr'>alia</span> <span class='ocrx_word' id='word_1_527' title='bbox 3537 4803 3854 4882; x_wconf 86' lang='lat' dir='ltr'>confide-</span> 
     </span>
     <span class='ocr_line' id='line_1_89' title="bbox 2290 4901 3849 5005; baseline 0.002 -25"><span class='ocrx_word' id='word_1_528' title='bbox 2290 4916 2404 4980; x_wconf 89' lang='lat' dir='ltr'>rat</span> <span class='ocrx_word' id='word_1_529' title='bbox 2435 4955 2455 4976; x_wconf 89' lang='lat'><em>.</em></span> <span class='ocrx_word' id='word_1_530' title='bbox 2510 4902 2697 4980; x_wconf 91' lang='lat' dir='ltr'>Non</span> <span class='ocrx_word' id='word_1_531' title='bbox 2748 4901 2976 5002; x_wconf 88' lang='lat' dir='ltr'>igitur</span> <span class='ocrx_word' id='word_1_532' title='bbox 3026 4903 3181 5004; x_wconf 81' lang='lat' dir='ltr'>ejus</span> <span class='ocrx_word' id='word_1_533' title='bbox 3233 4902 3548 4983; x_wconf 68' lang='lat' dir='ltr'>scientiae</span> <span class='ocrx_word' id='word_1_534' title='bbox 3600 4904 3849 5005; x_wconf 78' lang='lat' dir='ltr'>aliqua</span> 
     </span>
     <span class='ocr_line' id='line_1_90' title="bbox 2289 5000 3841 5190; baseline -0.001 -106"><span class='ocrx_word' id='word_1_535' title='bbox 2289 5000 2541 5086; x_wconf 83' lang='lat' dir='ltr'>vilitas</span> <span class='ocrx_word' id='word_1_536' title='bbox 2589 5001 3020 5090; x_wconf 84' lang='lat' dir='ltr'>adscribitur</span> <span class='ocrx_word' id='word_1_537' title='bbox 3031 5026 3203 5190; x_wconf 47' lang='lat' dir='ltr'>,fix</span> <span class='ocrx_word' id='word_1_538' title='bbox 3225 5002 3366 5090; x_wconf 80' lang='lat' dir='ltr'>hoc</span> <span class='ocrx_word' id='word_1_539' title='bbox 3403 5002 3603 5110; x_wconf 84' lang='lat' dir='ltr'>quod</span> <span class='ocrx_word' id='word_1_540' title='bbox 3651 5029 3841 5107; x_wconf 78' lang='lat' dir='ltr'>quae·</span> 
     </span>
    </p>

    <p class='ocr_par' dir='ltr' id='par_1_11' title="bbox 3655 5130 3856 5192">
     <span class='ocr_line' id='line_1_91' title="bbox 3655 5130 3856 5192; baseline 0.005 -1"><span class='ocrx_word' id='word_1_541' title='bbox 3655 5130 3856 5192; x_wconf 73' lang='lat' dir='ltr'>cum·</span> 
     </span>
    </p>
   </div>
  </div>
 </body>
</html>
