4597 5696
692 421 812 494 258

694 532 1119 635 corporibus
1165 529 1384 612 cesset
1412 533 1786 633 pluralitas
1815 532 2265 635 animarum,

692 653 783 716 ut
829 636 1072 735 prima
1122 630 1311 713 ratio
1357 637 1885 717 concludebat.

799 739 919 817 Ex
972 761 1122 838 quo
1189 736 1419 815 etiarn
1485 739 1575 818 de
1626 737 1829 819 facili
1908 755 2109 842 patet
2160 765 2267 821 re·

693 838 981 941 sponsio
1028 837 1125 918 ad
1175 838 1559 936 secundam
1611 841 1976 926 rationem
2005 902 2022 920 .
2079 845 2268 924 Non

693 942 904 1021 enirn
973 940 1318 1040 quaelibet
1403 940 1803 1022 formarum
1893 944 2268 1026 diverfitas

692 1041 874 1126 facit
924 1041 1871 1127 diverfitaterriasecundum
1926 1047 2269 1147 speciem,

693 1146 820 1225 sed
872 1145 1109 1224 solum
1161 1146 1290 1223 illa
1335 1173 1500 1248 quae
1530 1145 1629 1226 est
1663 1148 2053 1228 secundum
2078 1146 2267 1249 prin·

687 1248 895 1349 cipia
947 1247 1341 1342 formalia,
1389 1243 1513 1327 vel
1589 1248 1981 1329 secundum
2035 1253 2273 1331 diver-

687 1349 847 1432 sam
893 1351 1266 1429 rationem
1316 1348 1567 1433 formae
1619 1377 1638 1434 :
1711 1351 1992 1433 constat
2057 1353 2265 1434 enim

689 1453 895 1554 quod
957 1452 1103 1531 alia
1167 1449 1273 1531 est
1339 1453 1638 1534 effentia
1710 1454 1966 1536 formae
2055 1455 2267 1548 huius

690 1553 941 1654 ignit-3,
986 1553 1066 1633 8<
1119 1551 1379 1645 illius3
1429 1578 1570 1636 nec
1620 1572 1874 1636 tamen
1928 1557 2028 1636 est
2082 1557 2270 1638 alius

690 1655 724 1735 i
781 1655 895 1735 nis
932 1710 961 1754 ,
1028 1679 1269 1755 neque
1330 1656 1482 1736 alia
1558 1658 1800 1738 forma
1875 1655 2271 1739 secundum

725 1757 1059 1859 peciem.
1114 1756 1536 1839 Multitudo
1576 1757 1804 1862 igitur
1852 1760 2271 1841 animarum

689 1885 740 1941 a
789 1858 1216 1961 corporibus
1260 1861 1749 1962 separatarum
1801 1865 2018 1942 conse
2074 1866 2272 1944 uitur

687 1960 997 2064 quidem
1043 1961 1537 2043 diverfitatem
1566 1963 1966 2044 formarum
2019 1890 2270 2045 tslecun-

688 2066 868 2144 dum
926 2062 1395 2145 substantiam
1446 2117 1476 2162 ‚
1542 2066 1718 2169 quia
1770 2067 1913 2146 alia
1965 2068 2065 2149 est
2118 2070 2272 2149 sub·

688 2165 956 2248 flantia
1006 2165 1219 2262 hujus
1271 2169 1539 2246 animae
1585 2224 1613 2265 ‚
1685 2169 1758 2247 8<
1811 2168 2065 2259 illium
2118 2195 2272 2250 non

688 2281 949 2358 tamen
1017 2267 1147 2346 ista
1216 2265 1591 2347 diversitas
1645 2271 1974 2368 procedit
2026 2296 2115 2348 ex
2164 2271 2269 2348 di-

687 2369 1030 2452 verfitate
1124 2364 1672 2468 principiorum
1766 2368 2264 2448 effentialium

687 2468 918 2572 ipfius
968 2467 1240 2551 animae
1280 2524 1308 2565 ‚
1342 2494 1498 2552 nec
1552 2470 1652 2548 est
1704 2468 2104 2549 secundum
2157 2470 2263 2546 di-

687 2571 1401 2660 versam-rationem
1457 2567 1678 2670 ipfius
1746 2571 2077 2669 animas,
2143 2569 2264 2652 sed

685 2673 794 2756 est
845 2673 1245 2756 secundum
1295 2673 1663 2764 diversam
1716 2671 2258 2756 commensura·

663 2778 980 2859 tionem
1032 2774 1456 2856 animarum
1510 2777 1604 2855 ad
1656 2802 1962 2878 corpora
2001 2834 2021 2856 .
2075 2777 2262 2858 Haec

684 2878 893 2958 enim
945 2875 1203 2987 anima
1252 2873 1353 2958 est
1423 2881 2022 2959 commensurata
2077 2878 2301 2959 huic'

682 2977 1028 3076 corpori,
1077 2974 1150 3057 8<
1182 3004 1334 3057 non
1388 2974 1544 3058 illi:
1599 2983 1729 3059 illa
1784 2997 2035 3060 autem
2090 2979 2249 3076 alii,

679 3080 758 3161 8<
808 3079 902 3158 sic
929 3080 1019 3157 de
1052 3079 1439 3159 omnibus.
1497 3079 1940 3176 Huiusmodi
1994 3098 2247 3158 autern

680 3178 1445 3264 commensurationes
1518 3198 1904 3261 remanent
1960 3180 2041 3257 in
2096 3179 2251 3259 ani-

680 3283 948 3364 mabus
1000 3283 1229 3362 etiarn
1287 3283 1767 3380 pereuntibus
1819 3280 2255 3379 corporibus

680 3384 866 3466 ficut
933 3387 1009 3465 &
1083 3382 1247 3484 ipsae
1319 3406 1570 3462 earum
1649 3383 2053 3467 substantia
2107 3407 2261 3461 ma-

679 3506 867 3568 nent
902 3543 930 3584 ‚
1008 3484 1209 3587 quali
1263 3514 1305 3563 a
1376 3486 1806 3583 corporibus
1861 3484 2260 3564 secundum

684 3591 826 3669 effe
902 3612 1054 3668 non
1122 3587 1614 3685 dependentes
1678 3612 1696 3665 :
1787 3586 1954 3663 sunt
2038 3585 2247 3664 enim

681 3690 956 3769 animae
1053 3687 1452 3775 secundum
1560 3686 1987 3766 substantias
2088 3685 2249 3767 suas

677 3790 935 3872 formae
988 3812 1426 3887 corporum:
1483 3788 1663 3868 alias
1695 3784 2255 3868 accidentaliter

679 3890 975 3990 corpori
1050 3890 1435 3967 unirentur
1474 3944 1501 3983 ‚
1579 3891 1652 3968 8<
1704 3888 1799 3968 fic
1851 3915 1940 3966 ex
1992 3891 2244 3969 anima

673 3996 756 4074 8<
806 4013 1109 4093 corpore
1159 4017 1314 4068 non
1365 3986 1570 4069 fieret
1623 4015 1855 4069 unum
1908 4016 2038 4090 per
2090 3991 2160 4068 se
2215 4046 2242 4087 ‚

677 4094 799 4174 sed
853 4117 1083 4171 unum
1141 4114 1267 4191 per
1338 4092 1672 4171 accidens
1707 4146 1726 4167 .
1783 4096 2243 4191 Inquantum

673 4214 932 4278 autem
991 4195 1242 4272 formae
1296 4194 1459 4271 sunt
1491 4249 1519 4290 ‚
1595 4210 1887 4291 oportet
1938 4219 2056 4272 eas
2107 4195 2242 4271 effe

677 4294 1110 4395 corporibus
1162 4317 1408 4372 comm
1417 4296 1553 4381 ens
1544 4314 1779 4374 uratas
1795 4350 1812 4370 .
1869 4293 2094 4373 Unde
2109 4386 2110 4391 Ἰ
2124 4319 2243 4393 pa-

677 4416 788 4478 tet
854 4396 1060 4497 quod
1128 4394 1288 4495 ipsae
1360 4394 1651 4483 diversae
1703 4396 2244 4475 commensura-

673 4500 919 4582 tiones
976 4518 1276 4578 manent
1333 4499 1409 4577 in
1461 4496 1849 4578 animabus
1903 4496 2242 4597 separatis

666 4603 746 4682 8<
796 4625 924 4698 per
974 4600 1414 4701 consequens
1462 4602 1877 4700 pluralitas.

768 4702 1173 4783 Occasione
1227 4720 1475 4780 autem
1510 4703 1739 4781 tertiae
1771 4697 2073 4783 rationis
2130 4700 2234 4779 in-

663 4802 946 4901 anetae,
996 4804 1229 4904 aliqui
1281 4801 1759 4882 aeternitatem
1808 4805 2062 4882 mundi
2118 4830 2238 4904 po·

667 4927 926 4987 nentes
959 4960 987 5001 ‚
1058 4906 1139 4985 in
1189 4903 1504 4984 diversas
1570 4904 1956 5006 opiniones
2007 4924 2237 4986 extra-

633 5026 836 5092 ·neas
885 5006 1302 5092 inciderunt
1336 5065 1355 5087 .

1336 393 1474 483 οὲ
1534 415 2125 484 νεκιτΑτε
2183 417 2916 487 cai-Homerus
2988 421 3310 489 Flnm

2472 538 2804 642 Quidam
2856 537 3065 646 enirn
3081 535 3620 624 conclufionem
3673 540 3950 644 simpli-

2367 643 2554 724 citer
2626 646 3124 722 concesserunt
3161 698 3189 739 ‚
3241 642 3610 736 dicentes,
3661 647 3950 727 animas

2371 745 2729 824 humanas
2779 770 2953 825 curn
3027 746 3451 846 corporibus
3500 745 3789 845 penitus
3840 749 3948 828 in-

2372 845 2593 927 terir'e
2645 903 2665 924 .
2743 831 2905 927 Alii
2975 868 3155 926 vero
3227 848 3256 946 (
3312 846 3733 926 Alexander
3782 904 3809 945 ,
3873 851 3961 930 &-

2377 955 2742 1029 Averroes
2811 964 2893 1027 ut
2960 947 3169 1048 supra
3260 975 3415 1048 cap.
3502 948 3956 1050 ,θοίνη-ιε)

2372 1051 2754 1146 dixerunt,
2806 1050 3005 1149 quod
3057 1053 3145 1128 de
3171 1053 3515 1130 omnibus
3566 1051 3996 1134 animabus·

2376 1171 2707 1232 remanet
2768 1151 3063 1251 aliquid
3138 1178 3373 1231 unum
3478 1154 3885 1254 separatum
3924 1211 3957 1255 ,

2374 1253 2723 1358 quodest
2774 1254 3118 1333 omnibus
3169 1280 3615 1351 commune,
3672 1256 3951 1337 scilicet

2369 1355 2779 1438 intelleEius
2805 1379 3072 1454 agens,
3124 1355 3516 1436 secundum
3570 1357 3954 1459 quosdam,

2367 1459 2488 1540 vel
2540 1484 2714 1538 curn
2764 1482 2857 1536 eo
2910 1456 3322 1538 intelleeius
3374 1457 3720 1558 possibilis
3751 1514 3777 1557 ‚
3852 1461 3955 1541 se-

2369 1564 2694 1643 cundum
2744 1560 2973 1638 alios.
3050 1560 3208 1638 Alii
3260 1579 3511 1640 autem
3562 1560 3592 1658 (
3644 1585 3734 1640 ex
3789 1562 3948 1642 Pla·

2373 1684 2546 1745 tone
2621 1665 2715 1742 X.
2783 1664 2873 1740 de
2948 1663 3262 1762 Republ.
3332 1664 3405 1741 8<
3489 1664 3570 1741 in
3646 1663 3865 1742 Phed.
3921 1664 3952 1762 )

2374 1766 2808 1868 posuerunt,
2859 1762 3142 1844 animas
3195 1764 3274 1843 in
3327 1765 3447 1844 sua
3474 1763 3952 1844 multitudine

2374 1868 2531 1970 post
2584 1889 2892 1968 corpora
2944 1891 3361 1960 remanere3
3401 1868 3536 1954 ,sed
3589 1892 3679 1944 ne
3732 1893 3946 1968 coge-

2371 1988 2625 2049 rentur
2680 1968 3094 2048 animarum
3150 1993 3420 2069 ponere
3476 1962 3949 2067 infinitatem,

2372 2073 2756 2168 dixerunt,
2807 2067 3089 2149 animas
3126 2069 3411 2149 easdem
3460 2070 3750 2151 diversis
3800 2095 3955 2151 cor·

2371 2176 2670 2274 poribus
2720 2172 2912 2251 uniri
2940 2171 3091 2273 post
3142 2174 3709 2251 determinatum
3764 2189 3947 2251 tem·

2372 2301 2505 2376 pus
2560 2301 2577 2351 :
2656 2275 2731 2353 8<
2786 2275 2941 2354 haec
2996 2272 3137 2351 fuit
3190 2275 3740 2355 Platonicorum
3791 2269 3950 2375 opi·

2370 2376 2548 2469 nin,
2621 2376 2713 2453 de
2788 2400 2931 2472 qua
2983 2371 3176 2450 infra
3226 2376 3255 2470 (
3306 2401 3464 2473 cap.
3517 2375 3867 2454 lxxxur.
3921 2373 3952 2474 )

2367 2491 2625 2574 agetur
2657 2525 2678 2548 .
2752 2473 3083 2574 Quidam
3155 2494 3336 2552 vero
3386 2474 3642 2554 omnia
3695 2476 3948 2572 praedi-

2365 2574 2484 2656 &a
2535 2574 2853 2654 vitantes
2879 2629 2907 2670 ‚
2978 2570 3316 2653 dixerunt
3340 2628 3366 2670 ‚
3435 2595 3590 2652 non
3645 2576 3782 2652 effe
3838 2576 3953 2652 in-

2344 2676 2812 2760 conveniens
2851 2730 2878 2772 .‚
2962 2675 3245 2786 animas
3337 2675 3691 2775 separatas
3774 2671 3947 2754 acin

2365 2776 2664 2860 existere
2719 2777 3082 2856 infinitas:
3128 2778 3268 2856 effe
3306 2776 3511 2856 enim
3563 2775 3948 2857 infinitum

2365 2880 2535 2965 aCtu
2586 2882 2669 2960 in
2719 2875 2832 2959 his
2883 2905 3041 2980 quae
3096 2897 3246 2957 non
3291 2878 3562 2958 habent
3614 2878 3705 2956 ad
3757 2876 3944 2955 invi-

2347 3007 2515 3064 cem
2565 2980 2901 3061 ordinem
2942 3034 2968 3076 ,
3021 2973 3122 3059 est
3174 2982 3311 3060 esse
3365 2976 3744 3060 infinitum
3815 2998 3946 3076 per

2357 3084 2739 3163 accidens:
2792 3082 2992 3183 quod
3044 3102 3318 3181 ponere
3393 3108 3545 3161 non
3597 3094 3941 3178 reputant

2363 3182 2955 3279 inconveniens3
3022 3183 3096 3259 8<
3148 3183 3245 3260 est
3300 3182 3560 3282 positio
3615 3178 3940 3261 Avicen·

2360 3311 2521 3379 naz,
2568 3286 2647 3363 &
2700 3282 3080 3384 Algazelis
3117 3336 3136 3360 .
3189 3285 3425 3380 Quid
3493 3303 3739 3363 autem
3798 3282 3935 3362 ho·

2365 3409 2530 3464 rum
2604 3384 3030 3466 Aristoteles
3102 3383 3453 3481 senserit,
3522 3387 3617 3464 ab
3668 3411 3762 3463 eo
3813 3406 3933 3464 ex·

2363 3488 2587 3588 preffe
2659 3513 2809 3566 non
2880 3481 3256 3566 invenitur
3290 3541 3316 3583 ‚
3388 3513 3623 3587 quum
3676 3501 3930 3565 tamen

2352 3590 2670 3689 expreffe
2759 3585 3014 3668 mundi
3083 3585 3567 3668 aeternitatem
3659 3605 3926 3685 ponat.

2376 3764 2383 3771 .
2457 3688 2750 3770 Ultima
2805 3708 3053 3769 tamen
3083 3689 3585 3789 praediciarum
3638 3687 3925 3786 opinio·

2350 3816 2533 3869 num
2589 3787 2967 3892 principiis
3019 3793 3112 3867 ab
3163 3816 3254 3869 eo
3305 3788 3549 3889 pofitis
3599 3814 3752 3865 non
3809 3812 3919 3866 re·

2350 3910 2679 3993 pugnat:
2750 3916 2921 3968 narn
2993 3890 3070 3967 in
3129 3890 3273 3968 111.
3327 3887 3601 3991 Phyfic.
3655 3889 3682 3985 (
3738 3906 3914 3969 text.

2345 4020 2617 4073 comm.
2671 3993 2765 4070 xl.
2817 3992 2892 4069 &
2944 3987 3135 4068 infra
3189 3988 3215 4089 )
3265 3989 3337 4068 8<
3391 3991 3471 4067 in
3534 3996 3588 4068 l.
3644 3990 3802 4067 caeli
3839 3991 3916 4069 8<

2346 4095 2602 4172 mundi
2653 4094 2681 4191 (
2734 4109 2905 4170 text.
2976 4112 3249 4170 comm.
3303 4087 3452 4170 l1v.
3520 4091 3592 4169 8<
3647 4091 3834 4169 infra
3887 4090 3918 4188 )

2348 4198 2605 4295 probat
2676 4192 3055 4272 infinitum
3123 4220 3282 4272 non
3363 4195 3500 4272 esse
3594 4190 3759 4270 acin
3832 4194 3915 4271 in

2344 4295 2766 4395 corporibus
2785 4292 3276 4390 naturalibus,
3329 4322 3476 4374 non
3530 4312 3776 4373 autem
3832 4290 3913 4371 in

2350 4393 2756 4477 substantiis
2848 4394 3458 4476 immaterialibus
3495 4452 3514 4473 .
3605 4401 3918 4476 Certum

2345 4516 2595 4579 tamen
2647 4499 2744 4577 est
2812 4500 3004 4577 circa
3055 4499 3197 4578 hoc
3265 4498 3548 4589 nullam
3601 4497 3917 4576 difficul-

2276 4628 2288 4637 ·
2342 4619 2571 4681 tatem
2630 4602 2781 4699 pati
2804 4597 3183 4680 catholicae
3236 4597 3407 4680 fidei
3462 4598 3913 4700 profess'ores,

2337 4704 2469 4804 qui
2520 4705 3001 4783 aeternitatem
3054 4702 3312 4781 mundi
3378 4723 3530 4781 non
3583 4719 3869 4800 ponunt
3898 4756 3918 4777 .

2449 4809 2633 4884 Non
2685 4805 2781 4884 est
2833 4804 3059 4883 etiam
3112 4805 3579 4885 necessarium
3632 4805 3833 4904 quod
3867 4800 3920 4879 fi

2344 4907 2595 4985 anima
2649 4923 2897 4986 manet
2933 4931 3234 5006 corpore
3288 4903 3685 5000 destruam
3716 4905 3917 5005 quod

2333 5006 2560 5092 fuerit
2603 5010 2674 5088 ei
2704 5008 3250 5090 accidentaliter
3273 5010 3525 5108 unita,
3575 5029 3659 5091 ut
3708 5032 3915 5111 quar·

3836 5128 3914 5188 ta
