<?xml version="1.0" encoding="UTF-8"?>
<!DOCTYPE html PUBLIC "-//W3C//DTD XHTML 1.0 Transitional//EN"
    "http://www.w3.org/TR/xhtml1/DTD/xhtml1-transitional.dtd">
<html xmlns="http://www.w3.org/1999/xhtml" xml:lang="en" lang="en">
 <head>
  <title>
</title>
<meta http-equiv="Content-Type" content="text/html;charset=utf-8" />
  <meta name='ocr-system' content='tesseract 3.04.00' />
  <meta name='ocr-capabilities' content='ocr_page ocr_carea ocr_par ocr_line ocrx_word'/>
</head>
<body>
  <div class='ocr_page' id='page_1' title='image "./summacontragent00aqugoog_0228.png"; bbox 0 0 4597 5696; ppageno 0'>
   <div class='ocr_carea' id='block_1_1' title="bbox 704 273 812 383">
    <p class='ocr_par' dir='ltr' id='par_1_1' title="bbox 704 273 812 383">
     <span class='ocr_line' id='line_1_1' title="bbox 704 273 812 383; baseline -0.019 0"><span class='ocrx_word' id='word_1_1' title='bbox 704 273 812 383; x_wconf 63' lang='lat'>188</span> 
     </span>
    </p>
   </div>
   <div class='ocr_carea' id='block_1_2' title="bbox 716 417 2186 600">
    <p class='ocr_par' dir='ltr' id='par_1_2' title="bbox 716 417 2186 600">
     <span class='ocr_line' id='line_1_2' title="bbox 953 417 1999 497; baseline -0.005 0"><span class='ocrx_word' id='word_1_2' title='bbox 953 435 1005 497; x_wconf 84' lang='lat' dir='ltr'>c</span> <span class='ocrx_word' id='word_1_3' title='bbox 1094 417 1157 495; x_wconf 79' lang='grc' dir='ltr'>Α</span> <span class='ocrx_word' id='word_1_4' title='bbox 1246 431 1293 493; x_wconf 83' lang='lat'>1&gt;</span> <span class='ocrx_word' id='word_1_5' title='bbox 1382 431 1442 492; x_wconf 88' lang='lat' dir='ltr'>u</span> <span class='ocrx_word' id='word_1_6' title='bbox 1530 430 1591 492; x_wconf 88' lang='grc' dir='ltr'><strong>τ</strong></span> <span class='ocrx_word' id='word_1_7' title='bbox 1721 431 1999 492; x_wconf 78' lang='lat' dir='ltr'>van.</span> 
     </span>
     <span class='ocr_line' id='line_1_3' title="bbox 716 510 2186 600; baseline -0.001 -28"><span class='ocrx_word' id='word_1_8' title='bbox 716 567 722 572; x_wconf 84' lang='lat'><em>.</em></span> <span class='ocrx_word' id='word_1_9' title='bbox 778 515 953 600; x_wconf 66' lang='lat' dir='ltr'>Quod</span> <span class='ocrx_word' id='word_1_10' title='bbox 978 510 1304 594; x_wconf 66' lang='lat' dir='ltr'>substantia·</span> <span class='ocrx_word' id='word_1_11' title='bbox 1332 510 1728 592; x_wconf 63' lang='lat' dir='ltr'>intelieHuales</span> <span class='ocrx_word' id='word_1_12' title='bbox 1754 512 1866 589; x_wconf 79' lang='lat' dir='ltr'>line</span> <span class='ocrx_word' id='word_1_13' title='bbox 1910 511 2186 577; x_wconf 73' lang='lat' dir='ltr'>volentes.</span> 
     </span>
    </p>
   </div>
   <div class='ocr_carea' id='block_1_3' title="bbox 1018 629 1935 716">
    <p class='ocr_par' dir='ltr' id='par_1_3' title="bbox 1018 629 1935 716">
     <span class='ocr_line' id='line_1_4' title="bbox 1018 629 1935 716; baseline -0.005 -21"><span class='ocrx_word' id='word_1_14' title='bbox 1018 638 1073 695; x_wconf 89' lang='lat'>1.</span> <span class='ocrx_word' id='word_1_15' title='bbox 1118 638 1278 696; x_wconf 78' lang='lat' dir='ltr'>Pare.</span> <span class='ocrx_word' id='word_1_16' title='bbox 1329 629 1512 716; x_wconf 77' lang='lat' dir='ltr'>quaefi.</span> <span class='ocrx_word' id='word_1_17' title='bbox 1560 633 1680 695; x_wconf 76' lang='lat' dir='ltr'>lix.</span> <span class='ocrx_word' id='word_1_18' title='bbox 1724 654 1834 696; x_wconf 78' lang='lat' dir='ltr'>art.</span> <span class='ocrx_word' id='word_1_19' title='bbox 1886 652 1935 691; x_wconf 90' lang='lat'>1.</span> 
     </span>
    </p>
   </div>
   <div class='ocr_carea' id='block_1_4' title="bbox 703 747 2263 1769">
    <p class='ocr_par' dir='ltr' id='par_1_4' title="bbox 920 747 2258 935">
     <span class='ocr_line' id='line_1_5' title="bbox 920 747 2258 832; baseline -0.004 -1"><span class='ocrx_word' id='word_1_20' title='bbox 920 754 1023 832; x_wconf 84' lang='lat' dir='ltr'>As</span> <span class='ocrx_word' id='word_1_21' title='bbox 1104 766 1358 832; x_wconf 90' lang='lat' dir='ltr'>autem</span> <span class='ocrx_word' id='word_1_22' title='bbox 1449 747 1875 827; x_wconf 87' lang='lat' dir='ltr'>substantias</span> <span class='ocrx_word' id='word_1_23' title='bbox 1970 747 2258 826; x_wconf 88' lang='lat' dir='ltr'>intelle·</span> 
     </span>
     <span class='ocr_line' id='line_1_6' title="bbox 964 849 2247 935; baseline -0.008 0"><span class='ocrx_word' id='word_1_24' title='bbox 964 853 1240 935; x_wconf 70' lang='lat' dir='ltr'>&amp;uales</span> <span class='ocrx_word' id='word_1_25' title='bbox 1274 854 1551 931; x_wconf 89' lang='lat' dir='ltr'>necesse</span> <span class='ocrx_word' id='word_1_26' title='bbox 1574 849 1671 928; x_wconf 88' lang='lat' dir='ltr'>est</span> <span class='ocrx_word' id='word_1_27' title='bbox 1705 851 1843 927; x_wconf 89' lang='lat' dir='ltr'>esse</span> <span class='ocrx_word' id='word_1_28' title='bbox 1873 853 2206 929; x_wconf 86' lang='lat' dir='ltr'>volentes</span> <span class='ocrx_word' id='word_1_29' title='bbox 2227 907 2247 925; x_wconf 91' lang='lat'><em>.</em></span> 
     </span>
    </p>

    <p class='ocr_par' dir='ltr' id='par_1_5' title="bbox 703 952 2263 1769">
     <span class='ocr_line' id='line_1_7' title="bbox 818 952 2246 1053; baseline -0.004 -19"><span class='ocrx_word' id='word_1_30' title='bbox 818 985 879 1034; x_wconf 90' lang='lat'>1.</span> <span class='ocrx_word' id='word_1_31' title='bbox 941 956 1128 1036; x_wconf 87' lang='lat' dir='ltr'>Inest</span> <span class='ocrx_word' id='word_1_32' title='bbox 1196 957 1397 1034; x_wconf 88' lang='lat' dir='ltr'>enim</span> <span class='ocrx_word' id='word_1_33' title='bbox 1472 952 1823 1032; x_wconf 88' lang='lat' dir='ltr'>omnibus</span> <span class='ocrx_word' id='word_1_34' title='bbox 1877 954 2246 1053; x_wconf 77' lang='lat' dir='ltr'>appetitus</span> 
     </span>
     <span class='ocr_line' id='line_1_8' title="bbox 704 1052 2252 1160; baseline -0.004 -23"><span class='ocrx_word' id='word_1_35' title='bbox 704 1061 947 1152; x_wconf 88' lang='lat' dir='ltr'>boni,</span> <span class='ocrx_word' id='word_1_36' title='bbox 1002 1060 1569 1160; x_wconf 84' lang='lat' dir='ltr'>quum-bonum</span> <span class='ocrx_word' id='word_1_37' title='bbox 1610 1053 1692 1132; x_wconf 84' lang='lat' dir='ltr'>fit</span> <span class='ocrx_word' id='word_1_38' title='bbox 1743 1057 1943 1153; x_wconf 85' lang='lat' dir='ltr'>quod</span> <span class='ocrx_word' id='word_1_39' title='bbox 1994 1052 2252 1132; x_wconf 91' lang='lat' dir='ltr'>omnia</span> 
     </span>
     <span class='ocr_line' id='line_1_9' title="bbox 703 1154 2255 1261; baseline -0.006 -21"><span class='ocrx_word' id='word_1_40' title='bbox 703 1179 1059 1261; x_wconf 87' lang='lat' dir='ltr'>appetunt</span> <span class='ocrx_word' id='word_1_41' title='bbox 1095 1216 1122 1258; x_wconf 86' lang='lat'>‚</span> <span class='ocrx_word' id='word_1_42' title='bbox 1178 1180 1259 1239; x_wconf 91' lang='lat' dir='ltr'>ut</span> <span class='ocrx_word' id='word_1_43' title='bbox 1314 1156 1741 1255; x_wconf 85' lang='lat' dir='ltr'>Philosophi</span> <span class='ocrx_word' id='word_1_44' title='bbox 1798 1154 2154 1252; x_wconf 88' lang='lat' dir='ltr'>tradunt(</span> <span class='ocrx_word' id='word_1_45' title='bbox 2199 1158 2255 1232; x_wconf 90' lang='lat' dir='ltr'>I.</span> 
     </span>
     <span class='ocr_line' id='line_1_10' title="bbox 706 1257 2255 1363; baseline -0.006 -20"><span class='ocrx_word' id='word_1_46' title='bbox 706 1263 884 1343; x_wconf 87' lang='lat' dir='ltr'>Eth.</span> <span class='ocrx_word' id='word_1_47' title='bbox 958 1288 1120 1363; x_wconf 84' lang='lat' dir='ltr'>cap.</span> <span class='ocrx_word' id='word_1_48' title='bbox 1204 1290 1262 1339; x_wconf 88' lang='lat'>1.</span> <span class='ocrx_word' id='word_1_49' title='bbox 1341 1260 1369 1357; x_wconf 94' lang='lat'><em>)</em></span> <span class='ocrx_word' id='word_1_50' title='bbox 1460 1257 1910 1340; x_wconf 82' lang='lat' dir='ltr'>Huiusmodi</span> <span class='ocrx_word' id='word_1_51' title='bbox 1999 1277 2255 1350; x_wconf 89' lang='lat' dir='ltr'>autem</span> 
     </span>
     <span class='ocr_line' id='line_1_11' title="bbox 705 1356 2259 1463; baseline -0.005 -19"><span class='ocrx_word' id='word_1_52' title='bbox 705 1366 1079 1463; x_wconf 87' lang='lat' dir='ltr'>appetitus</span> <span class='ocrx_word' id='word_1_53' title='bbox 1134 1365 1216 1441; x_wconf 82' lang='lat' dir='ltr'>in</span> <span class='ocrx_word' id='word_1_54' title='bbox 1268 1360 1381 1441; x_wconf 90' lang='lat' dir='ltr'>his</span> <span class='ocrx_word' id='word_1_55' title='bbox 1433 1360 1738 1460; x_wconf 89' lang='lat' dir='ltr'>quidem</span> <span class='ocrx_word' id='word_1_56' title='bbox 1792 1384 1956 1458; x_wconf 67' lang='lat' dir='ltr'>quaej</span> <span class='ocrx_word' id='word_1_57' title='bbox 2007 1356 2259 1459; x_wconf 81' lang='lat' dir='ltr'>cogni-</span> 
     </span>
     <span class='ocr_line' id='line_1_12' title="bbox 704 1461 2263 1560; baseline -0.003 -15"><span class='ocrx_word' id='word_1_58' title='bbox 704 1467 915 1545; x_wconf 89' lang='lat' dir='ltr'>tione</span> <span class='ocrx_word' id='word_1_59' title='bbox 967 1482 1222 1545; x_wconf 84' lang='lat' dir='ltr'>carent</span> <span class='ocrx_word' id='word_1_60' title='bbox 1269 1517 1296 1559; x_wconf 87' lang='lat'>‚</span> <span class='ocrx_word' id='word_1_61' title='bbox 1368 1461 1644 1541; x_wconf 88' lang='lat' dir='ltr'>dicitur</span> <span class='ocrx_word' id='word_1_62' title='bbox 1722 1461 2083 1542; x_wconf 87' lang='lat' dir='ltr'>naturalis</span> <span class='ocrx_word' id='word_1_63' title='bbox 2138 1485 2263 1560; x_wconf 88' lang='lat' dir='ltr'>ap·</span> 
     </span>
     <span class='ocr_line' id='line_1_13' title="bbox 707 1560 2262 1667; baseline -0.004 -21"><span class='ocrx_word' id='word_1_64' title='bbox 707 1569 1059 1667; x_wconf 73' lang='lat' dir='ltr'>petitus3</span> <span class='ocrx_word' id='word_1_65' title='bbox 1128 1566 1313 1646; x_wconf 87' lang='lat' dir='ltr'>ficut</span> <span class='ocrx_word' id='word_1_66' title='bbox 1383 1563 1719 1659; x_wconf 88' lang='lat' dir='ltr'>dicitur,</span> <span class='ocrx_word' id='word_1_67' title='bbox 1801 1565 2002 1662; x_wconf 88' lang='lat' dir='ltr'>quod</span> <span class='ocrx_word' id='word_1_68' title='bbox 2072 1560 2262 1663; x_wconf 84' lang='lat' dir='ltr'>lapis</span> 
     </span>
     <span class='ocr_line' id='line_1_14' title="bbox 708 1666 2259 1769; baseline -0.004 -23"><span class='ocrx_word' id='word_1_69' title='bbox 708 1670 996 1769; x_wconf 89' lang='lat' dir='ltr'>appetit</span> <span class='ocrx_word' id='word_1_70' title='bbox 1051 1670 1191 1747; x_wconf 85' lang='lat' dir='ltr'>esse</span> <span class='ocrx_word' id='word_1_71' title='bbox 1244 1666 1631 1746; x_wconf 62' lang='lat' dir='ltr'>deorsuma</span> <span class='ocrx_word' id='word_1_72' title='bbox 1705 1667 1786 1742; x_wconf 89' lang='lat' dir='ltr'>in</span> <span class='ocrx_word' id='word_1_73' title='bbox 1839 1667 1952 1743; x_wconf 85' lang='lat' dir='ltr'>his</span> <span class='ocrx_word' id='word_1_74' title='bbox 2007 1680 2259 1744; x_wconf 88' lang='lat' dir='ltr'>autem</span> 
     </span>
    </p>
   </div>
   <div class='ocr_carea' id='block_1_5' title="bbox 704 1764 2315 1872">
    <p class='ocr_par' dir='ltr' id='par_1_6' title="bbox 704 1764 2315 1872">
     <span class='ocr_line' id='line_1_15' title="bbox 704 1764 2315 1872; baseline -0.004 -25"><span class='ocrx_word' id='word_1_75' title='bbox 704 1793 868 1870; x_wconf 81' lang='lat' dir='ltr'>quae</span> <span class='ocrx_word' id='word_1_76' title='bbox 924 1771 1435 1872; x_wconf 86' lang='lat' dir='ltr'>cognitionem</span> <span class='ocrx_word' id='word_1_77' title='bbox 1480 1764 1896 1846; x_wconf 76' lang='lat' dir='ltr'>sensitivam</span> <span class='ocrx_word' id='word_1_78' title='bbox 1953 1765 2263 1858; x_wconf 86' lang='lat' dir='ltr'>habent,</span> <span class='ocrx_word' id='word_1_79' title='bbox 2311 1862 2315 1866; x_wconf 10' lang='grc' dir='ltr'>ἢ</span> 
     </span>
    </p>
   </div>
   <div class='ocr_carea' id='block_1_6' title="bbox 598 1864 2268 4905">
    <p class='ocr_par' dir='ltr' id='par_1_7' title="bbox 698 1864 2268 2562">
     <span class='ocr_line' id='line_1_16' title="bbox 705 1864 2266 1973; baseline -0.005 -25"><span class='ocrx_word' id='word_1_80' title='bbox 705 1872 985 1951; x_wconf 87' lang='lat' dir='ltr'>dicitur</span> <span class='ocrx_word' id='word_1_81' title='bbox 1036 1873 1408 1973; x_wconf 87' lang='lat' dir='ltr'>appetitus</span> <span class='ocrx_word' id='word_1_82' title='bbox 1441 1867 1838 1967; x_wconf 86' lang='lat' dir='ltr'>animalis,</span> <span class='ocrx_word' id='word_1_83' title='bbox 1889 1866 2022 1967; x_wconf 91' lang='lat' dir='ltr'>qui</span> <span class='ocrx_word' id='word_1_84' title='bbox 2080 1864 2266 1942; x_wconf 89' lang='lat' dir='ltr'>divi-</span> 
     </span>
     <span class='ocr_line' id='line_1_17' title="bbox 703 1967 2268 2071; baseline -0.006 -20"><span class='ocrx_word' id='word_1_85' title='bbox 703 1974 909 2055; x_wconf 87' lang='lat' dir='ltr'>ditur</span> <span class='ocrx_word' id='word_1_86' title='bbox 962 1974 1042 2054; x_wconf 91' lang='lat' dir='ltr'>in</span> <span class='ocrx_word' id='word_1_87' title='bbox 1116 1967 1824 2071; x_wconf 81' lang='lat' dir='ltr'>concupiscibilem,</span> <span class='ocrx_word' id='word_1_88' title='bbox 1895 1971 1964 2048; x_wconf 80' lang='lat'>&amp;</span> <span class='ocrx_word' id='word_1_89' title='bbox 2026 1967 2268 2047; x_wconf 88' lang='lat' dir='ltr'>irasci·</span> 
     </span>
     <span class='ocr_line' id='line_1_18' title="bbox 704 2070 2259 2170; baseline -0.006 -16"><span class='ocrx_word' id='word_1_90' title='bbox 704 2076 983 2166; x_wconf 76' lang='lat' dir='ltr'>bilem3</span> <span class='ocrx_word' id='word_1_91' title='bbox 1038 2073 1119 2152; x_wconf 90' lang='lat' dir='ltr'>in</span> <span class='ocrx_word' id='word_1_92' title='bbox 1176 2075 1292 2151; x_wconf 89' lang='lat' dir='ltr'>his</span> <span class='ocrx_word' id='word_1_93' title='bbox 1349 2098 1530 2150; x_wconf 90' lang='lat' dir='ltr'>vero</span> <span class='ocrx_word' id='word_1_94' title='bbox 1579 2097 1743 2170; x_wconf 80' lang='lat' dir='ltr'>quae</span> <span class='ocrx_word' id='word_1_95' title='bbox 1798 2070 2259 2168; x_wconf 84' lang='lat' dir='ltr'>intelligunt,</span> 
     </span>
     <span class='ocr_line' id='line_1_19' title="bbox 702 2169 2256 2274; baseline -0.006 -22"><span class='ocrx_word' id='word_1_96' title='bbox 702 2175 980 2254; x_wconf 88' lang='lat' dir='ltr'>dicitur</span> <span class='ocrx_word' id='word_1_97' title='bbox 1032 2175 1398 2274; x_wconf 90' lang='lat' dir='ltr'>appetitus</span> <span class='ocrx_word' id='word_1_98' title='bbox 1470 2170 2050 2265; x_wconf 70' lang='lat' dir='ltr'>intelleEiualis‚</span> <span class='ocrx_word' id='word_1_99' title='bbox 2136 2169 2256 2245; x_wconf 89' lang='lat' dir='ltr'>seu</span> 
     </span>
     <span class='ocr_line' id='line_1_20' title="bbox 700 2269 2253 2373; baseline -0.007 -18"><span class='ocrx_word' id='word_1_100' title='bbox 700 2276 1148 2368; x_wconf 77' lang='lat' dir='ltr'>rationalis,</span> <span class='ocrx_word' id='word_1_101' title='bbox 1226 2273 1359 2373; x_wconf 90' lang='lat' dir='ltr'>qui</span> <span class='ocrx_word' id='word_1_102' title='bbox 1439 2272 1539 2350; x_wconf 83' lang='lat' dir='ltr'>est</span> <span class='ocrx_word' id='word_1_103' title='bbox 1598 2275 1993 2349; x_wconf 88' lang='lat' dir='ltr'>voluntas.</span> <span class='ocrx_word' id='word_1_104' title='bbox 2075 2269 2253 2348; x_wconf 88' lang='lat' dir='ltr'>Sub-</span> 
     </span>
     <span class='ocr_line' id='line_1_21' title="bbox 698 2370 2254 2475; baseline -0.006 -19"><span class='ocrx_word' id='word_1_105' title='bbox 698 2375 980 2457; x_wconf 83' lang='lat' dir='ltr'>stantiae</span> <span class='ocrx_word' id='word_1_106' title='bbox 1062 2377 1292 2475; x_wconf 88' lang='lat' dir='ltr'>igitur</span> <span class='ocrx_word' id='word_1_107' title='bbox 1381 2370 1916 2453; x_wconf 66' lang='lat' dir='ltr'>intellediuales</span> <span class='ocrx_word' id='word_1_108' title='bbox 1992 2390 2254 2448; x_wconf 72' lang='lat' dir='ltr'>creatae</span> 
     </span>
     <span class='ocr_line' id='line_1_22' title="bbox 699 2479 1553 2562; baseline -0.014 0"><span class='ocrx_word' id='word_1_109' title='bbox 699 2479 977 2562; x_wconf 85' lang='lat' dir='ltr'>habent</span> <span class='ocrx_word' id='word_1_110' title='bbox 1030 2479 1499 2556; x_wconf 86' lang='lat' dir='ltr'>voluntatem</span> <span class='ocrx_word' id='word_1_111' title='bbox 1534 2530 1553 2550; x_wconf 91' lang='lat'><strong>.</strong></span> 
     </span>
    </p>

    <p class='ocr_par' dir='ltr' id='par_1_8' title="bbox 598 2571 2260 4905">
     <span class='ocr_line' id='line_1_23' title="bbox 805 2571 2257 2676; baseline -0.009 -16"><span class='ocrx_word' id='word_1_112' title='bbox 805 2610 871 2660; x_wconf 82' lang='lat'>2.</span> <span class='ocrx_word' id='word_1_113' title='bbox 931 2581 1242 2661; x_wconf 86' lang='lat' dir='ltr'>Adhuc.</span> <span class='ocrx_word' id='word_1_114' title='bbox 1301 2580 1382 2657; x_wconf 91' lang='lat' dir='ltr'>ld</span> <span class='ocrx_word' id='word_1_115' title='bbox 1437 2576 1636 2675; x_wconf 86' lang='lat' dir='ltr'>quod</span> <span class='ocrx_word' id='word_1_116' title='bbox 1690 2573 1788 2654; x_wconf 85' lang='lat' dir='ltr'>est</span> <span class='ocrx_word' id='word_1_117' title='bbox 1842 2600 1970 2676; x_wconf 90' lang='lat' dir='ltr'>per</span> <span class='ocrx_word' id='word_1_118' title='bbox 2006 2571 2257 2666; x_wconf 86' lang='lat' dir='ltr'>aliud,</span> 
     </span>
     <span class='ocr_line' id='line_1_24' title="bbox 694 2675 2251 2778; baseline -0.009 -15"><span class='ocrx_word' id='word_1_119' title='bbox 694 2684 1074 2766; x_wconf 83' lang='lat' dir='ltr'>reducitur</span> <span class='ocrx_word' id='word_1_120' title='bbox 1125 2683 1217 2761; x_wconf 91' lang='lat' dir='ltr'>ad</span> <span class='ocrx_word' id='word_1_121' title='bbox 1273 2679 1346 2758; x_wconf 88' lang='lat' dir='ltr'>id</span> <span class='ocrx_word' id='word_1_122' title='bbox 1399 2678 1597 2778; x_wconf 90' lang='lat' dir='ltr'>quod</span> <span class='ocrx_word' id='word_1_123' title='bbox 1652 2677 1749 2763; x_wconf 79' lang='lat' dir='ltr'>est</span> <span class='ocrx_word' id='word_1_124' title='bbox 1787 2701 1915 2778; x_wconf 88' lang='lat' dir='ltr'>per</span> <span class='ocrx_word' id='word_1_125' title='bbox 1969 2675 2037 2754; x_wconf 91' lang='lat' dir='ltr'>se</span> <span class='ocrx_word' id='word_1_126' title='bbox 2067 2694 2251 2752; x_wconf 88' lang='lat' dir='ltr'>tam-</span> 
     </span>
     <span class='ocr_line' id='line_1_25' title="bbox 693 2776 2250 2884; baseline -0.008 -21"><span class='ocrx_word' id='word_1_127' title='bbox 693 2809 925 2884; x_wconf 74' lang='lat' dir='ltr'>quani</span> <span class='ocrx_word' id='word_1_128' title='bbox 982 2786 1062 2863; x_wconf 89' lang='lat' dir='ltr'>in</span> <span class='ocrx_word' id='word_1_129' title='bbox 1111 2784 1364 2884; x_wconf 88' lang='lat' dir='ltr'>prius:</span> <span class='ocrx_word' id='word_1_130' title='bbox 1440 2781 1636 2858; x_wconf 88' lang='lat' dir='ltr'>unde</span> <span class='ocrx_word' id='word_1_131' title='bbox 1707 2780 1779 2858; x_wconf 76' lang='lat'>8&lt;</span> <span class='ocrx_word' id='word_1_132' title='bbox 1852 2776 2250 2857; x_wconf 86' lang='lat' dir='ltr'>secundum</span> 
     </span>
     <span class='ocr_line' id='line_1_26' title="bbox 694 2879 2248 2984; baseline -0.01 -18"><span class='ocrx_word' id='word_1_133' title='bbox 694 2886 1237 2984; x_wconf 85' lang='lat' dir='ltr'>Philosophum</span> <span class='ocrx_word' id='word_1_134' title='bbox 1313 2886 1535 2960; x_wconf 88' lang='lat' dir='ltr'><strong>VIII.</strong></span> <span class='ocrx_word' id='word_1_135' title='bbox 1625 2879 1909 2984; x_wconf 83' lang='lat' dir='ltr'>Phyfic.</span> <span class='ocrx_word' id='word_1_136' title='bbox 1985 2879 2011 2977; x_wconf 96' lang='lat'><strong>(</strong></span> <span class='ocrx_word' id='word_1_137' title='bbox 2070 2894 2248 2955; x_wconf 64' lang='lat' dir='ltr'>text.</span> 
     </span>
     <span class='ocr_line' id='line_1_27' title="bbox 693 2978 2249 3076; baseline -0.008 -11"><span class='ocrx_word' id='word_1_138' title='bbox 693 3010 893 3065; x_wconf 82' lang='lat' dir='ltr'>com.</span> <span class='ocrx_word' id='word_1_139' title='bbox 947 3009 1269 3062; x_wconf 87' lang='lat' dir='ltr'>xxx111.</span> <span class='ocrx_word' id='word_1_140' title='bbox 1322 2981 1397 3058; x_wconf 78' lang='lat'>8&lt;</span> <span class='ocrx_word' id='word_1_141' title='bbox 1449 2980 1612 3056; x_wconf 90' lang='lat' dir='ltr'>infr.</span> <span class='ocrx_word' id='word_1_142' title='bbox 1644 2982 1670 3076; x_wconf 94' lang='lat'>)</span> <span class='ocrx_word' id='word_1_143' title='bbox 1704 3001 1909 3057; x_wconf 89' lang='lat' dir='ltr'>mota</span> <span class='ocrx_word' id='word_1_144' title='bbox 1962 2980 2057 3054; x_wconf 89' lang='lat' dir='ltr'>ab</span> <span class='ocrx_word' id='word_1_145' title='bbox 2096 2978 2249 3053; x_wconf 68' lang='lat' dir='ltr'>alio</span> 
     </span>
     <span class='ocr_line' id='line_1_28' title="bbox 693 3075 2249 3177; baseline -0.008 -11"><span class='ocrx_word' id='word_1_146' title='bbox 693 3085 1148 3166; x_wconf 86' lang='lat' dir='ltr'>reducuntur</span> <span class='ocrx_word' id='word_1_147' title='bbox 1219 3081 1300 3159; x_wconf 91' lang='lat' dir='ltr'>in</span> <span class='ocrx_word' id='word_1_148' title='bbox 1401 3078 1645 3177; x_wconf 88' lang='lat' dir='ltr'>prima</span> <span class='ocrx_word' id='word_1_149' title='bbox 1712 3076 2102 3157; x_wconf 87' lang='lat' dir='ltr'>moventia</span> <span class='ocrx_word' id='word_1_150' title='bbox 2174 3075 2249 3154; x_wconf 88' lang='lat' dir='ltr'>se</span> 
     </span>
     <span class='ocr_line' id='line_1_29' title="bbox 692 3174 2239 3290; baseline -0.008 -22"><span class='ocrx_word' id='word_1_151' title='bbox 692 3186 891 3290; x_wconf 86' lang='lat' dir='ltr'>ipsa:</span> <span class='ocrx_word' id='word_1_152' title='bbox 944 3185 1025 3264; x_wconf 91' lang='lat' dir='ltr'>in</span> <span class='ocrx_word' id='word_1_153' title='bbox 1078 3181 1520 3288; x_wconf 81' lang='lat' dir='ltr'>syllogismis</span> <span class='ocrx_word' id='word_1_154' title='bbox 1555 3180 1790 3264; x_wconf 85' lang='lat' dir='ltr'>etiam</span> <span class='ocrx_word' id='word_1_155' title='bbox 1839 3174 2239 3259; x_wconf 87' lang='lat' dir='ltr'>conclusio·</span> 
     </span>
     <span class='ocr_line' id='line_1_30' title="bbox 688 3280 2243 3394; baseline -0.011 -22"><span class='ocrx_word' id='word_1_156' title='bbox 688 3314 824 3372; x_wconf 86' lang='lat' dir='ltr'>nes</span> <span class='ocrx_word' id='word_1_157' title='bbox 858 3343 885 3394; x_wconf 82' lang='lat'>‚</span> <span class='ocrx_word' id='word_1_158' title='bbox 936 3311 1098 3389; x_wconf 81' lang='lat' dir='ltr'>quae</span> <span class='ocrx_word' id='word_1_159' title='bbox 1151 3286 1316 3363; x_wconf 91' lang='lat' dir='ltr'>sunt</span> <span class='ocrx_word' id='word_1_160' title='bbox 1361 3298 1705 3389; x_wconf 70' lang='lat' dir='ltr'>notae-ex</span> <span class='ocrx_word' id='word_1_161' title='bbox 1756 3281 1925 3365; x_wconf 88' lang='lat' dir='ltr'>aliis</span> <span class='ocrx_word' id='word_1_162' title='bbox 1959 3337 1988 3379; x_wconf 88' lang='lat'>‚</span> <span class='ocrx_word' id='word_1_163' title='bbox 2035 3280 2243 3358; x_wconf 85' lang='lat' dir='ltr'>redu·</span> 
     </span>
     <span class='ocr_line' id='line_1_31' title="bbox 689 3380 2244 3488; baseline -0.008 -16"><span class='ocrx_word' id='word_1_164' title='bbox 689 3410 965 3473; x_wconf 84' lang='lat' dir='ltr'>cuntur</span> <span class='ocrx_word' id='word_1_165' title='bbox 1014 3389 1106 3466; x_wconf 52' lang='lat' dir='ltr'>in*</span> <span class='ocrx_word' id='word_1_166' title='bbox 1146 3389 1386 3488; x_wconf 76' lang='lat' dir='ltr'>prima</span> <span class='ocrx_word' id='word_1_167' title='bbox 1414 3385 1832 3488; x_wconf 86' lang='lat' dir='ltr'>principia,</span> <span class='ocrx_word' id='word_1_168' title='bbox 1881 3407 2046 3486; x_wconf 80' lang='lat' dir='ltr'>quae</span> <span class='ocrx_word' id='word_1_169' title='bbox 2077 3380 2244 3459; x_wconf 77' lang='lat' dir='ltr'>suiit</span> 
     </span>
     <span class='ocr_line' id='line_1_32' title="bbox 690 3486 2248 3591; baseline -0.01 -15"><span class='ocrx_word' id='word_1_170' title='bbox 690 3511 873 3576; x_wconf 83' lang='lat' dir='ltr'>nota</span> <span class='ocrx_word' id='word_1_171' title='bbox 927 3515 1061 3591; x_wconf 89' lang='lat' dir='ltr'>per</span> <span class='ocrx_word' id='word_1_172' title='bbox 1094 3487 1165 3568; x_wconf 84' lang='lat' dir='ltr'>se</span> <span class='ocrx_word' id='word_1_173' title='bbox 1220 3486 1406 3589; x_wconf 88' lang='lat' dir='ltr'>ipsa.</span> <span class='ocrx_word' id='word_1_174' title='bbox 1465 3488 1959 3568; x_wconf 77' lang='lat' dir='ltr'>inveniuntur</span> <span class='ocrx_word' id='word_1_175' title='bbox 1992 3502 2248 3565; x_wconf 89' lang='lat' dir='ltr'>autem</span> 
     </span>
     <span class='ocr_line' id='line_1_33' title="bbox 690 3586 2251 3689; baseline -0.006 -15"><span class='ocrx_word' id='word_1_176' title='bbox 690 3594 776 3674; x_wconf 88' lang='lat' dir='ltr'>in</span> <span class='ocrx_word' id='word_1_177' title='bbox 849 3589 1269 3670; x_wconf 81' lang='lat' dir='ltr'>substantiis</span> <span class='ocrx_word' id='word_1_178' title='bbox 1333 3590 1601 3669; x_wconf 87' lang='lat' dir='ltr'>creatis</span> <span class='ocrx_word' id='word_1_179' title='bbox 1665 3586 2004 3689; x_wconf 81' lang='lat' dir='ltr'>quaedam</span> <span class='ocrx_word' id='word_1_180' title='bbox 2087 3607 2251 3687; x_wconf 79' lang='lat' dir='ltr'>quae</span> 
     </span>
     <span class='ocr_line' id='line_1_34' title="bbox 654 3687 2241 3792; baseline -0.009 -15"><span class='ocrx_word' id='word_1_181' title='bbox 654 3718 848 3781; x_wconf 73' lang='lat' dir='ltr'>‚non</span> <span class='ocrx_word' id='word_1_182' title='bbox 900 3706 1149 3792; x_wconf 38' lang='lat' dir='ltr'>agunt,</span> <span class='ocrx_word' id='word_1_183' title='bbox 1211 3690 1285 3768; x_wconf 92' lang='lat' dir='ltr'>se</span> <span class='ocrx_word' id='word_1_184' title='bbox 1351 3687 1502 3791; x_wconf 89' lang='lat' dir='ltr'>ipsa</span> <span class='ocrx_word' id='word_1_185' title='bbox 1579 3687 2241 3788; x_wconf 82' lang='lat' dir='ltr'>adoperandum,</span> 
     </span>
     <span class='ocr_line' id='line_1_35' title="bbox 688 3787 2245 3894; baseline -0.004 -19"><span class='ocrx_word' id='word_1_186' title='bbox 688 3795 811 3875; x_wconf 80' lang='lat' dir='ltr'>fed</span> <span class='ocrx_word' id='word_1_187' title='bbox 863 3812 1187 3894; x_wconf 84' lang='lat' dir='ltr'>aguntur</span> <span class='ocrx_word' id='word_1_188' title='bbox 1238 3788 1316 3869; x_wconf 89' lang='lat' dir='ltr'>vi</span> <span class='ocrx_word' id='word_1_189' title='bbox 1371 3808 1651 3871; x_wconf 79' lang='lat' dir='ltr'>naturae</span> <span class='ocrx_word' id='word_1_190' title='bbox 1683 3844 1712 3888; x_wconf 86' lang='lat'><strong>,</strong></span> <span class='ocrx_word' id='word_1_191' title='bbox 1778 3787 1959 3869; x_wconf 70' lang='lat' dir='ltr'>sicut</span> <span class='ocrx_word' id='word_1_192' title='bbox 2012 3788 2245 3869; x_wconf 84' lang='lat' dir='ltr'>inani·</span> 
     </span>
     <span class='ocr_line' id='line_1_36' title="bbox 687 3891 2250 3994; baseline -0.005 -15"><span class='ocrx_word' id='word_1_193' title='bbox 687 3914 902 3979; x_wconf 85' lang='lat' dir='ltr'>mata</span> <span class='ocrx_word' id='word_1_194' title='bbox 937 3950 963 3991; x_wconf 86' lang='lat'>‚</span> <span class='ocrx_word' id='word_1_195' title='bbox 1014 3893 1281 3994; x_wconf 79' lang='lat' dir='ltr'>plantae</span> <span class='ocrx_word' id='word_1_196' title='bbox 1317 3944 1345 3986; x_wconf 84' lang='lat'><strong>‚</strong></span> <span class='ocrx_word' id='word_1_197' title='bbox 1412 3894 1487 3971; x_wconf 74' lang='lat'>8&lt;</span> <span class='ocrx_word' id='word_1_198' title='bbox 1560 3891 1917 3972; x_wconf 88' lang='lat' dir='ltr'>animalia</span> <span class='ocrx_word' id='word_1_199' title='bbox 1969 3893 2187 3971; x_wconf 77' lang='lat' dir='ltr'>bruta</span> <span class='ocrx_word' id='word_1_200' title='bbox 2221 3943 2250 3987; x_wconf 86' lang='lat'>‚</span> 
     </span>
     <span class='ocr_line' id='line_1_37' title="bbox 688 3990 2251 4094; baseline -0.006 -13"><span class='ocrx_word' id='word_1_201' title='bbox 688 4023 853 4081; x_wconf 83' lang='lat' dir='ltr'>non</span> <span class='ocrx_word' id='word_1_202' title='bbox 906 3995 1110 4075; x_wconf 88' lang='lat' dir='ltr'>enim</span> <span class='ocrx_word' id='word_1_203' title='bbox 1165 3993 1262 4071; x_wconf 89' lang='lat' dir='ltr'>est</span> <span class='ocrx_word' id='word_1_204' title='bbox 1321 3990 1398 4070; x_wconf 90' lang='lat' dir='ltr'>in</span> <span class='ocrx_word' id='word_1_205' title='bbox 1450 3994 1559 4072; x_wconf 91' lang='lat' dir='ltr'>eis</span> <span class='ocrx_word' id='word_1_206' title='bbox 1632 4018 1902 4094; x_wconf 85' lang='lat' dir='ltr'>agere,</span> <span class='ocrx_word' id='word_1_207' title='bbox 1965 3992 2042 4071; x_wconf 82' lang='grc' dir='ltr'>δι</span> <span class='ocrx_word' id='word_1_208' title='bbox 2094 4018 2251 4073; x_wconf 88' lang='lat' dir='ltr'>non</span> 
     </span>
     <span class='ocr_line' id='line_1_38' title="bbox 690 4092 2246 4199; baseline -0.004 -21"><span class='ocrx_word' id='word_1_209' title='bbox 690 4124 907 4193; x_wconf 71' lang='lat' dir='ltr'>agere</span> <span class='ocrx_word' id='word_1_210' title='bbox 938 4156 956 4175; x_wconf 88' lang='lat'><strong>.</strong></span> <span class='ocrx_word' id='word_1_211' title='bbox 1013 4099 1338 4199; x_wconf 84' lang='lat' dir='ltr'>Oportet</span> <span class='ocrx_word' id='word_1_212' title='bbox 1391 4120 1570 4196; x_wconf 89' lang='lat' dir='ltr'>ergo</span> <span class='ocrx_word' id='word_1_213' title='bbox 1607 4094 1810 4197; x_wconf 89' lang='lat' dir='ltr'>quod</span> <span class='ocrx_word' id='word_1_214' title='bbox 1861 4092 1993 4174; x_wconf 83' lang='lat' dir='ltr'>fiat</span> <span class='ocrx_word' id='word_1_215' title='bbox 2041 4094 2246 4173; x_wconf 89' lang='lat' dir='ltr'>redu·</span> 
     </span>
     <span class='ocr_line' id='line_1_39' title="bbox 688 4195 2250 4299; baseline -0.005 -18"><span class='ocrx_word' id='word_1_216' title='bbox 688 4199 845 4281; x_wconf 66' lang='lat' dir='ltr'>&amp;io</span> <span class='ocrx_word' id='word_1_217' title='bbox 896 4201 985 4278; x_wconf 89' lang='lat' dir='ltr'>ad</span> <span class='ocrx_word' id='word_1_218' title='bbox 1041 4201 1186 4289; x_wconf 81' lang='lat' dir='ltr'>alia</span> <span class='ocrx_word' id='word_1_219' title='bbox 1241 4198 1481 4299; x_wconf 89' lang='lat' dir='ltr'>prima</span> <span class='ocrx_word' id='word_1_220' title='bbox 1525 4252 1554 4292; x_wconf 79' lang='lat'><em>‚</em></span> <span class='ocrx_word' id='word_1_221' title='bbox 1633 4223 1792 4297; x_wconf 83' lang='lat' dir='ltr'>quae</span> <span class='ocrx_word' id='word_1_222' title='bbox 1848 4195 1921 4273; x_wconf 92' lang='lat' dir='ltr'>se</span> <span class='ocrx_word' id='word_1_223' title='bbox 1972 4196 2126 4295; x_wconf 87' lang='lat' dir='ltr'>ipsa</span> <span class='ocrx_word' id='word_1_224' title='bbox 2180 4223 2250 4273; x_wconf 89' lang='lat' dir='ltr'>a·</span> 
     </span>
     <span class='ocr_line' id='line_1_40' title="bbox 688 4298 2248 4419; baseline -0.004 -40"><span class='ocrx_word' id='word_1_225' title='bbox 688 4319 871 4419; x_wconf 84' lang='lat' dir='ltr'>gant</span> <span class='ocrx_word' id='word_1_226' title='bbox 944 4300 1032 4378; x_wconf 87' lang='lat' dir='ltr'>ad</span> <span class='ocrx_word' id='word_1_227' title='bbox 1114 4301 1575 4398; x_wconf 86' lang='lat' dir='ltr'>operandum</span> <span class='ocrx_word' id='word_1_228' title='bbox 1620 4356 1639 4374; x_wconf 88' lang='lat'><strong>.</strong></span> <span class='ocrx_word' id='word_1_229' title='bbox 1693 4298 1944 4378; x_wconf 89' lang='lat' dir='ltr'>Prima</span> <span class='ocrx_word' id='word_1_230' title='bbox 1990 4316 2248 4374; x_wconf 79' lang='lat' dir='ltr'>autem</span> 
     </span>
     <span class='ocr_line' id='line_1_41' title="bbox 685 4397 2249 4503; baseline -0.003 -23"><span class='ocrx_word' id='word_1_231' title='bbox 685 4424 769 4503; x_wconf 65' lang='lat' dir='ltr'>in</span> <span class='ocrx_word' id='word_1_232' title='bbox 814 4401 1044 4478; x_wconf 85' lang='lat' dir='ltr'>rebus</span> <span class='ocrx_word' id='word_1_233' title='bbox 1116 4402 1378 4480; x_wconf 89' lang='lat' dir='ltr'>creatis</span> <span class='ocrx_word' id='word_1_234' title='bbox 1450 4400 1619 4479; x_wconf 90' lang='lat' dir='ltr'>sunt</span> <span class='ocrx_word' id='word_1_235' title='bbox 1676 4397 2087 4477; x_wconf 69' lang='lat' dir='ltr'>substanti‘ae</span> <span class='ocrx_word' id='word_1_236' title='bbox 2140 4397 2249 4475; x_wconf 87' lang='lat' dir='ltr'>in·</span> 
     </span>
     <span class='ocr_line' id='line_1_42' title="bbox 598 4496 2250 4601; baseline -0.007 -17"><span class='ocrx_word' id='word_1_237' title='bbox 598 4510 601 4513; x_wconf 80' lang='grc'><strong>’</strong></span> <span class='ocrx_word' id='word_1_238' title='bbox 688 4498 1148 4583; x_wconf 68' lang='grc' dir='ltr'>εεΙΙεᾶυαΙες</span> <span class='ocrx_word' id='word_1_239' title='bbox 1257 4519 1343 4578; x_wconf 92' lang='lat' dir='ltr'>ut</span> <span class='ocrx_word' id='word_1_240' title='bbox 1395 4500 1689 4601; x_wconf 82' lang='lat' dir='ltr'>supra(</span> <span class='ocrx_word' id='word_1_241' title='bbox 1743 4520 1927 4598; x_wconf 43' lang='lat' dir='ltr'>cap»</span> <span class='ocrx_word' id='word_1_242' title='bbox 1961 4500 2164 4577; x_wconf 76' lang='lat' dir='ltr'>xlv‘r.</span> <span class='ocrx_word' id='word_1_243' title='bbox 2219 4496 2250 4595; x_wconf 90' lang='lat'>)</span> 
     </span>
     <span class='ocr_line' id='line_1_43' title="bbox 681 4553 2250 4702; baseline -0.004 -17"><span class='ocrx_word' id='word_1_244' title='bbox 681 4602 1062 4685; x_wconf 86' lang='lat' dir='ltr'>ostensum</span> <span class='ocrx_word' id='word_1_245' title='bbox 1117 4553 1267 4678; x_wconf 55' lang='grc' dir='ltr'>(ᾗ.</span> <span class='ocrx_word' id='word_1_246' title='bbox 1343 4605 1482 4680; x_wconf 85' lang='lat' dir='ltr'>Hae</span> <span class='ocrx_word' id='word_1_247' title='bbox 1519 4648 1522 4652; x_wconf 18' lang='grc' dir='ltr'><strong>Δ</strong></span> <span class='ocrx_word' id='word_1_248' title='bbox 1557 4603 1786 4702; x_wconf 89' lang='lat' dir='ltr'>igitur</span> <span class='ocrx_word' id='word_1_249' title='bbox 1839 4598 2250 4678; x_wconf 62' lang='lat' dir='ltr'>substantia</span> 
     </span>
     <span class='ocr_line' id='line_1_44' title="bbox 679 4702 2249 4804; baseline -0.005 -19"><span class='ocrx_word' id='word_1_250' title='bbox 679 4705 752 4785; x_wconf 85' lang='lat' dir='ltr'>se</span> <span class='ocrx_word' id='word_1_251' title='bbox 817 4720 1050 4804; x_wconf 87' lang='lat' dir='ltr'>agunt</span> <span class='ocrx_word' id='word_1_252' title='bbox 1102 4702 1195 4780; x_wconf 90' lang='lat' dir='ltr'>ad</span> <span class='ocrx_word' id='word_1_253' title='bbox 1222 4702 1724 4798; x_wconf 88' lang='lat' dir='ltr'>operandum.</span> <span class='ocrx_word' id='word_1_254' title='bbox 1781 4705 1953 4783; x_wconf 88' lang='lat' dir='ltr'>Hoc</span> <span class='ocrx_word' id='word_1_255' title='bbox 1995 4719 2249 4780; x_wconf 86' lang='lat' dir='ltr'>autem</span> 
     </span>
     <span class='ocr_line' id='line_1_45' title="bbox 679 4801 2260 4905; baseline -0.004 -18"><span class='ocrx_word' id='word_1_256' title='bbox 679 4808 779 4887; x_wconf 85' lang='lat' dir='ltr'>est</span> <span class='ocrx_word' id='word_1_257' title='bbox 855 4804 1246 4904; x_wconf 88' lang='lat' dir='ltr'>proprium</span> <span class='ocrx_word' id='word_1_258' title='bbox 1302 4801 1711 4881; x_wconf 86' lang='lat' dir='ltr'>voluntatis</span> <span class='ocrx_word' id='word_1_259' title='bbox 1757 4858 1784 4896; x_wconf 86' lang='lat'>‚</span> <span class='ocrx_word' id='word_1_260' title='bbox 1853 4829 1981 4904; x_wconf 91' lang='lat' dir='ltr'>per</span> <span class='ocrx_word' id='word_1_261' title='bbox 2029 4829 2260 4905; x_wconf 85' lang='lat' dir='ltr'>quam</span> 
     </span>
    </p>
   </div>
   <div class='ocr_carea' id='block_1_7' title="bbox 1301 322 3255 424">
    <p class='ocr_par' dir='ltr' id='par_1_9' title="bbox 1301 322 3255 424">
     <span class='ocr_line' id='line_1_46' title="bbox 1301 322 3255 424; baseline 0.007 -36"><span class='ocrx_word' id='word_1_262' title='bbox 1301 323 1441 388; x_wconf 86' lang='lat' dir='ltr'>DE</span> <span class='ocrx_word' id='word_1_263' title='bbox 1499 322 2085 391; x_wconf 82' lang='lat' dir='ltr'><strong>VERITATE</strong></span> <span class='ocrx_word' id='word_1_264' title='bbox 2145 328 2889 424; x_wconf 73' lang='lat' dir='ltr'><strong>CATHOLICAE</strong></span> <span class='ocrx_word' id='word_1_265' title='bbox 2947 337 3255 402; x_wconf 87' lang='lat' dir='ltr'><strong>FIDEI</strong></span> 
     </span>
    </p>
   </div>
   <div class='ocr_carea' id='block_1_8' title="bbox 2350 439 3938 1664">
    <p class='ocr_par' dir='ltr' id='par_1_10' title="bbox 2362 439 3924 740">
     <span class='ocr_line' id='line_1_47' title="bbox 2376 439 3911 547; baseline 0.014 -30"><span class='ocrx_word' id='word_1_266' title='bbox 2376 455 2630 539; x_wconf 85' lang='lat' dir='ltr'>utpote</span> <span class='ocrx_word' id='word_1_267' title='bbox 2682 439 2761 517; x_wconf 88' lang='lat' dir='ltr'>in</span> <span class='ocrx_word' id='word_1_268' title='bbox 2818 440 2967 541; x_wconf 88' lang='lat' dir='ltr'>ipsa</span> <span class='ocrx_word' id='word_1_269' title='bbox 3006 445 3315 525; x_wconf 84' lang='lat' dir='ltr'>existens</span> <span class='ocrx_word' id='word_1_270' title='bbox 3351 470 3614 547; x_wconf 86' lang='lat' dir='ltr'>agere,</span> <span class='ocrx_word' id='word_1_271' title='bbox 3663 441 3911 537; x_wconf 86' lang='lat' dir='ltr'>&amp;non</span> 
     </span>
     <span class='ocr_line' id='line_1_48' title="bbox 2372 543 3916 646; baseline 0.014 -26"><span class='ocrx_word' id='word_1_272' title='bbox 2372 567 2586 640; x_wconf 90' lang='lat' dir='ltr'>agere</span> <span class='ocrx_word' id='word_1_273' title='bbox 2625 600 2644 618; x_wconf 89' lang='lat'><strong>.</strong></span> <span class='ocrx_word' id='word_1_274' title='bbox 2699 543 3125 624; x_wconf 86' lang='lat' dir='ltr'>Substantiae</span> <span class='ocrx_word' id='word_1_275' title='bbox 3182 547 3413 646; x_wconf 89' lang='lat' dir='ltr'>igitur</span> <span class='ocrx_word' id='word_1_276' title='bbox 3465 549 3916 641; x_wconf 63' lang='lat' dir='ltr'>intelletlua-</span> 
     </span>
     <span class='ocr_line' id='line_1_49' title="bbox 2362 642 3924 740; baseline 0.008 -20"><span class='ocrx_word' id='word_1_277' title='bbox 2362 642 2467 721; x_wconf 85' lang='lat' dir='ltr'>les&#39;</span> <span class='ocrx_word' id='word_1_278' title='bbox 2520 655 2778 723; x_wconf 79' lang='lat' dir='ltr'>creat&#39;ae</span> <span class='ocrx_word' id='word_1_279' title='bbox 2833 647 3108 726; x_wconf 87' lang='lat' dir='ltr'>habent</span> <span class='ocrx_word' id='word_1_280' title='bbox 3162 650 3669 731; x_wconf 88' lang='lat' dir='ltr'>voluntatem.</span> <span class='ocrx_word' id='word_1_281' title='bbox 3913 733 3924 740; x_wconf 78' lang='grc'>,</span> 
     </span>
    </p>

    <p class='ocr_par' dir='ltr' id='par_1_11' title="bbox 2350 746 3938 1664">
     <span class='ocr_line' id='line_1_50' title="bbox 2474 746 3918 862; baseline 0.015 -41"><span class='ocrx_word' id='word_1_282' title='bbox 2474 776 2539 847; x_wconf 87' lang='lat'>3.</span> <span class='ocrx_word' id='word_1_283' title='bbox 2601 746 2985 862; x_wconf 60' lang='lat' dir='ltr'>Amplius.</span> <span class='ocrx_word' id='word_1_284' title='bbox 3025 747 3484 851; x_wconf 88' lang='lat' dir='ltr'>Principium</span> <span class='ocrx_word' id='word_1_285' title='bbox 3521 753 3918 843; x_wconf 85' lang='lat' dir='ltr'>cuiuslibet¹</span> 
     </span>
     <span class='ocr_line' id='line_1_51' title="bbox 2357 849 3910 964; baseline 0.013 -43"><span class='ocrx_word' id='word_1_286' title='bbox 2357 865 2814 964; x_wconf 71' lang='lat' dir='ltr'>operationis</span> <span class='ocrx_word' id='word_1_287' title='bbox 2869 850 2971 928; x_wconf 89' lang='lat' dir='ltr'>est</span> <span class='ocrx_word' id='word_1_288' title='bbox 3027 849 3260 929; x_wconf 83' lang='lat' dir='ltr'>forma</span> <span class='ocrx_word' id='word_1_289' title='bbox 3316 880 3443 955; x_wconf 83' lang='lat' dir='ltr'>per</span> <span class='ocrx_word' id='word_1_290' title='bbox 3495 882 3723 957; x_wconf 88' lang='lat' dir='ltr'>quam</span> <span class='ocrx_word' id='word_1_291' title='bbox 3778 853 3910 941; x_wconf 77' lang='lat' dir='ltr'>ali-</span> 
     </span>
     <span class='ocr_line' id='line_1_52' title="bbox 2350 949 3938 1060; baseline 0.012 -35"><span class='ocrx_word' id='word_1_292' title='bbox 2350 952 2533 1050; x_wconf 76' lang='lat' dir='ltr'>quid</span> <span class='ocrx_word' id='word_1_293' title='bbox 2601 949 2701 1026; x_wconf 87' lang='lat' dir='ltr'>est</span> <span class='ocrx_word' id='word_1_294' title='bbox 2766 949 2997 1047; x_wconf 66' lang='grc' dir='ltr'>αᾶὶιι,</span> <span class='ocrx_word' id='word_1_295' title='bbox 3063 979 3298 1053; x_wconf 87' lang='lat' dir='ltr'>quum</span> <span class='ocrx_word' id='word_1_296' title='bbox 3371 983 3599 1035; x_wconf 89' lang='lat' dir='ltr'>omne</span> <span class='ocrx_word' id='word_1_297' title='bbox 3683 987 3938 1060; x_wconf 83' lang='lat' dir='ltr'>agens</span> 
     </span>
     <span class='ocr_line' id='line_1_53' title="bbox 2358 1052 3915 1160; baseline 0.01 -31"><span class='ocrx_word' id='word_1_298' title='bbox 2358 1069 2531 1151; x_wconf 89' lang='lat' dir='ltr'>agat</span> <span class='ocrx_word' id='word_1_299' title='bbox 2604 1052 3048 1152; x_wconf 84' lang='lat' dir='ltr'>inquantum</span> <span class='ocrx_word' id='word_1_300' title='bbox 3133 1054 3231 1131; x_wconf 89' lang='lat' dir='ltr'>est</span> <span class='ocrx_word' id='word_1_301' title='bbox 3283 1057 3508 1136; x_wconf 61' lang='lat' dir='ltr'>adstu.</span> <span class='ocrx_word' id='word_1_302' title='bbox 3582 1065 3915 1160; x_wconf 84' lang='lat' dir='ltr'>Oportet</span> 
     </span>
     <span class='ocr_line' id='line_1_54' title="bbox 2359 1153 3917 1252; baseline 0.01 -22"><span class='ocrx_word' id='word_1_303' title='bbox 2359 1153 2593 1252; x_wconf 87' lang='lat' dir='ltr'>igitur</span> <span class='ocrx_word' id='word_1_304' title='bbox 2659 1155 2862 1252; x_wconf 92' lang='lat' dir='ltr'>quod</span> <span class='ocrx_word' id='word_1_305' title='bbox 2929 1154 3329 1234; x_wconf 83' lang='lat' dir='ltr'>secundum</span> <span class='ocrx_word' id='word_1_306' title='bbox 3405 1163 3717 1243; x_wconf 88' lang='lat' dir='ltr'>modum</span> <span class='ocrx_word' id='word_1_307' title='bbox 3770 1163 3917 1245; x_wconf 78' lang='lat' dir='ltr'>sor·</span> 
     </span>
     <span class='ocr_line' id='line_1_55' title="bbox 2360 1254 3919 1372; baseline 0.011 -40"><span class='ocrx_word' id='word_1_308' title='bbox 2360 1279 2497 1372; x_wconf 77' lang='lat' dir='ltr'>rnae</span> <span class='ocrx_word' id='word_1_309' title='bbox 2552 1254 2639 1333; x_wconf 83' lang='lat' dir='ltr'>sit</span> <span class='ocrx_word' id='word_1_310' title='bbox 2670 1255 2934 1333; x_wconf 88' lang='lat' dir='ltr'>modus</span> <span class='ocrx_word' id='word_1_311' title='bbox 2968 1261 3424 1354; x_wconf 86' lang='lat' dir='ltr'>operationis</span> <span class='ocrx_word' id='word_1_312' title='bbox 3475 1267 3919 1367; x_wconf 90' lang='lat' dir='ltr'>consequen-</span> 
     </span>
     <span class='ocr_line' id='line_1_56' title="bbox 2363 1355 3916 1466; baseline 0.009 -30"><span class='ocrx_word' id='word_1_313' title='bbox 2363 1376 2458 1437; x_wconf 73' lang='lat' dir='ltr'>tis</span> <span class='ocrx_word' id='word_1_314' title='bbox 2512 1355 2879 1435; x_wconf 88' lang='lat' dir='ltr'>formam.</span> <span class='ocrx_word' id='word_1_315' title='bbox 2935 1360 3212 1438; x_wconf 86' lang='lat' dir='ltr'>Forma</span> <span class='ocrx_word' id='word_1_316' title='bbox 3268 1362 3494 1461; x_wconf 86' lang='lat' dir='ltr'>igitur</span> <span class='ocrx_word' id='word_1_317' title='bbox 3545 1391 3706 1466; x_wconf 83' lang='lat' dir='ltr'>quae</span> <span class='ocrx_word' id='word_1_318' title='bbox 3762 1396 3916 1449; x_wconf 84' lang='lat' dir='ltr'>non</span> 
     </span>
     <span class='ocr_line' id='line_1_57' title="bbox 2363 1456 3913 1578; baseline 0.009 -41"><span class='ocrx_word' id='word_1_319' title='bbox 2363 1456 2462 1537; x_wconf 87' lang='lat' dir='ltr'>est</span> <span class='ocrx_word' id='word_1_320' title='bbox 2516 1461 2610 1537; x_wconf 90' lang='lat' dir='ltr'>ab</span> <span class='ocrx_word' id='word_1_321' title='bbox 2664 1457 2817 1574; x_wconf 75' lang='lat' dir='ltr'>ipso</span> <span class='ocrx_word' id='word_1_322' title='bbox 2870 1479 3137 1559; x_wconf 84' lang='lat' dir='ltr'>agente</span> <span class='ocrx_word' id='word_1_323' title='bbox 3178 1488 3311 1578; x_wconf 84' lang='lat' dir='ltr'>per</span> <span class='ocrx_word' id='word_1_324' title='bbox 3340 1461 3715 1565; x_wconf 87' lang='lat' dir='ltr'>formam,</span> <span class='ocrx_word' id='word_1_325' title='bbox 3748 1497 3913 1553; x_wconf 87' lang='lat' dir='ltr'>cau-</span> 
     </span>
     <span class='ocr_line' id='line_1_58' title="bbox 2366 1558 3921 1664; baseline 0.008 -24"><span class='ocrx_word' id='word_1_326' title='bbox 2366 1558 2491 1640; x_wconf 78' lang='lat' dir='ltr'>sat-</span> <span class='ocrx_word' id='word_1_327' title='bbox 2523 1577 3036 1658; x_wconf 73' lang='lat' dir='ltr'>operationem</span> <span class='ocrx_word' id='word_1_328' title='bbox 3077 1586 3286 1643; x_wconf 88' lang='lat' dir='ltr'>cu1us</span> <span class='ocrx_word' id='word_1_329' title='bbox 3339 1593 3574 1664; x_wconf 88' lang='lat' dir='ltr'>agens</span> <span class='ocrx_word' id='word_1_330' title='bbox 3632 1573 3921 1653; x_wconf 82' lang='lat' dir='ltr'>nonest</span> 
     </span>
    </p>
   </div>
   <div class='ocr_carea' id='block_1_9' title="bbox 2362 1661 4044 1763">
    <p class='ocr_par' dir='ltr' id='par_1_12' title="bbox 2362 1661 4044 1763">
     <span class='ocr_line' id='line_1_59' title="bbox 2362 1661 4044 1763; baseline 0.011 -23"><span class='ocrx_word' id='word_1_331' title='bbox 2362 1661 2753 1740; x_wconf 86' lang='lat' dir='ltr'>dominus.</span> <span class='ocrx_word' id='word_1_332' title='bbox 2809 1665 2886 1741; x_wconf 89' lang='lat' dir='ltr'>Si</span> <span class='ocrx_word' id='word_1_333' title='bbox 2956 1688 3103 1763; x_wconf 86' lang='lat' dir='ltr'>qua</span> <span class='ocrx_word' id='word_1_334' title='bbox 3159 1691 3338 1744; x_wconf 89' lang='lat' dir='ltr'>vero</span> <span class='ocrx_word' id='word_1_335' title='bbox 3392 1666 3616 1748; x_wconf 84' lang='lat' dir='ltr'>fuerit</span> <span class='ocrx_word' id='word_1_336' title='bbox 3672 1672 3912 1756; x_wconf 80' lang='lat' dir='ltr'>forma</span> <span class='ocrx_word' id='word_1_337' title='bbox 4041 1707 4044 1712; x_wconf 85' lang='lat'>·</span> 
     </span>
    </p>
   </div>
   <div class='ocr_carea' id='block_1_10' title="bbox 2341 1760 3926 4921">
    <p class='ocr_par' dir='ltr' id='par_1_13' title="bbox 2341 1760 3926 4921">
     <span class='ocr_line' id='line_1_60' title="bbox 2363 1760 3916 1876; baseline 0.012 -39"><span class='ocrx_word' id='word_1_338' title='bbox 2363 1788 2526 1864; x_wconf 82' lang='lat' dir='ltr'>quae</span> <span class='ocrx_word' id='word_1_339' title='bbox 2582 1760 2668 1842; x_wconf 82' lang='lat' dir='ltr'>sit</span> <span class='ocrx_word' id='word_1_340' title='bbox 2741 1764 2840 1842; x_wconf 89' lang='lat' dir='ltr'>ab</span> <span class='ocrx_word' id='word_1_341' title='bbox 2907 1790 2997 1843; x_wconf 90' lang='lat' dir='ltr'>eo</span> <span class='ocrx_word' id='word_1_342' title='bbox 3055 1766 3187 1865; x_wconf 90' lang='lat' dir='ltr'>qui</span> <span class='ocrx_word' id='word_1_343' title='bbox 3263 1793 3388 1865; x_wconf 88' lang='lat' dir='ltr'>per</span> <span class='ocrx_word' id='word_1_344' title='bbox 3459 1771 3691 1870; x_wconf 86' lang='lat' dir='ltr'>ipsam</span> <span class='ocrx_word' id='word_1_345' title='bbox 3743 1801 3916 1876; x_wconf 88' lang='lat' dir='ltr'>ope-</span> 
     </span>
     <span class='ocr_line' id='line_1_61' title="bbox 2373 1866 3921 1980; baseline 0.01 -38"><span class='ocrx_word' id='word_1_346' title='bbox 2373 1885 2578 1980; x_wconf 80' lang='lat' dir='ltr'>ratur</span> <span class='ocrx_word' id='word_1_347' title='bbox 2613 1919 2639 1962; x_wconf 88' lang='lat'>,</span> <span class='ocrx_word' id='word_1_348' title='bbox 2704 1866 2935 1944; x_wconf 87' lang='lat' dir='ltr'>etiam</span> <span class='ocrx_word' id='word_1_349' title='bbox 2989 1869 3507 1967; x_wconf 85' lang='lat' dir='ltr'>consequentis</span> <span class='ocrx_word' id='word_1_350' title='bbox 3560 1879 3921 1976; x_wconf 86' lang='lat' dir='ltr'>operatio-</span> 
     </span>
     <span class='ocr_line' id='line_1_62' title="bbox 2371 1966 3923 2059; baseline 0.01 -16"><span class='ocrx_word' id='word_1_351' title='bbox 2371 1992 2487 2044; x_wconf 75' lang='lat' dir='ltr'>nis</span> <span class='ocrx_word' id='word_1_352' title='bbox 2540 1966 2966 2045; x_wconf 88' lang='lat' dir='ltr'>dominium</span> <span class='ocrx_word' id='word_1_353' title='bbox 3003 1967 3380 2050; x_wconf 75' lang='lat' dir='ltr'>habebit.</span> <span class='ocrx_word' id='word_1_354' title='bbox 3455 1978 3745 2057; x_wconf 76' lang='lat' dir='ltr'>Forma:</span> <span class='ocrx_word' id='word_1_355' title='bbox 3799 2005 3923 2059; x_wconf 86' lang='lat' dir='ltr'>au-</span> 
     </span>
     <span class='ocr_line' id='line_1_63' title="bbox 2362 2072 3926 2176; baseline 0.01 -31"><span class='ocrx_word' id='word_1_356' title='bbox 2362 2086 2517 2146; x_wconf 89' lang='lat' dir='ltr'>tem</span> <span class='ocrx_word' id='word_1_357' title='bbox 2575 2072 2992 2164; x_wconf 85' lang='lat' dir='ltr'>naturales,</span> <span class='ocrx_word' id='word_1_358' title='bbox 3043 2095 3137 2148; x_wconf 82' lang='lat' dir='ltr'>ex</span> <span class='ocrx_word' id='word_1_359' title='bbox 3191 2074 3465 2170; x_wconf 88' lang='lat' dir='ltr'>quibus</span> <span class='ocrx_word' id='word_1_360' title='bbox 3516 2077 3926 2176; x_wconf 89' lang='lat' dir='ltr'>sequuntur</span> 
     </span>
     <span class='ocr_line' id='line_1_64' title="bbox 2362 2171 3922 2274; baseline 0.012 -30"><span class='ocrx_word' id='word_1_361' title='bbox 2362 2187 2650 2260; x_wconf 85' lang='lat' dir='ltr'>motus,</span> <span class='ocrx_word' id='word_1_362' title='bbox 2701 2171 2774 2246; x_wconf 80' lang='lat'>8&lt;</span> <span class='ocrx_word' id='word_1_363' title='bbox 2826 2174 3298 2267; x_wconf 85' lang='lat' dir='ltr'>operationes</span> <span class='ocrx_word' id='word_1_364' title='bbox 3327 2179 3736 2274; x_wconf 84' lang='lat' dir='ltr'>naturales,</span> <span class='ocrx_word' id='word_1_365' title='bbox 3764 2202 3922 2264; x_wconf 85' lang='lat' dir='ltr'>non</span> 
     </span>
     <span class='ocr_line' id='line_1_65' title="bbox 2359 2268 3923 2380; baseline 0.011 -37"><span class='ocrx_word' id='word_1_366' title='bbox 2359 2269 2524 2346; x_wconf 91' lang='lat' dir='ltr'>sunt</span> <span class='ocrx_word' id='word_1_367' title='bbox 2592 2269 2692 2344; x_wconf 88' lang='lat' dir='ltr'>ab</span> <span class='ocrx_word' id='word_1_368' title='bbox 2763 2268 2876 2347; x_wconf 90' lang='lat' dir='ltr'>his</span> <span class='ocrx_word' id='word_1_369' title='bbox 2943 2294 3261 2369; x_wconf 87' lang='lat' dir='ltr'>quorum</span> <span class='ocrx_word' id='word_1_370' title='bbox 3335 2271 3499 2353; x_wconf 86' lang='lat' dir='ltr'>sunt</span> <span class='ocrx_word' id='word_1_371' title='bbox 3571 2276 3836 2359; x_wconf 72' lang='lat' dir='ltr'>formae</span> <span class='ocrx_word' id='word_1_372' title='bbox 3890 2312 3923 2380; x_wconf 72' lang='grc' dir='ltr'>ς·</span> 
     </span>
     <span class='ocr_line' id='line_1_66' title="bbox 2358 2366 3921 2470; baseline 0.012 -27"><span class='ocrx_word' id='word_1_373' title='bbox 2358 2366 2474 2446; x_wconf 88' lang='lat' dir='ltr'>sed</span> <span class='ocrx_word' id='word_1_374' title='bbox 2529 2369 2622 2446; x_wconf 88' lang='lat' dir='ltr'>ab</span> <span class='ocrx_word' id='word_1_375' title='bbox 2678 2368 3169 2449; x_wconf 86' lang='lat' dir='ltr'>exterioribus</span> <span class='ocrx_word' id='word_1_376' title='bbox 3222 2377 3620 2470; x_wconf 81' lang='lat' dir='ltr'>agentibus</span> <span class='ocrx_word' id='word_1_377' title='bbox 3674 2383 3921 2464; x_wconf 83' lang='lat' dir='ltr'>totali-</span> 
     </span>
     <span class='ocr_line' id='line_1_67' title="bbox 2359 2468 3917 2568; baseline 0.011 -21"><span class='ocrx_word' id='word_1_378' title='bbox 2359 2487 2473 2548; x_wconf 90' lang='lat' dir='ltr'>ter</span> <span class='ocrx_word' id='word_1_379' title='bbox 2517 2525 2543 2566; x_wconf 86' lang='lat'>‚</span> <span class='ocrx_word' id='word_1_380' title='bbox 2610 2493 2788 2547; x_wconf 88' lang='lat' dir='ltr'>cum</span> <span class='ocrx_word' id='word_1_381' title='bbox 2863 2492 2994 2568; x_wconf 89' lang='lat' dir='ltr'>per</span> <span class='ocrx_word' id='word_1_382' title='bbox 3081 2468 3403 2553; x_wconf 84' lang='lat' dir='ltr'>formam</span> <span class='ocrx_word' id='word_1_383' title='bbox 3498 2483 3917 2564; x_wconf 87' lang='lat' dir='ltr'>naturalem</span> 
     </span>
     <span class='ocr_line' id='line_1_68' title="bbox 2366 2571 3923 2686; baseline 0.012 -39"><span class='ocrx_word' id='word_1_384' title='bbox 2366 2571 2957 2686; x_wconf 74' lang='lat' dir='ltr'>umstnqnodque</span> <span class='ocrx_word' id='word_1_385' title='bbox 3011 2571 3284 2677; x_wconf 86' lang='lat' dir='ltr'>habeat</span> <span class='ocrx_word' id='word_1_386' title='bbox 3313 2578 3452 2656; x_wconf 77' lang='lat' dir='ltr'>else</span> <span class='ocrx_word' id='word_1_387' title='bbox 3506 2580 3586 2657; x_wconf 88' lang='lat' dir='ltr'>in</span> <span class='ocrx_word' id='word_1_388' title='bbox 3640 2586 3763 2663; x_wconf 79' lang='lat' dir='ltr'>lua</span> <span class='ocrx_word' id='word_1_389' title='bbox 3795 2611 3923 2667; x_wconf 85' lang='lat' dir='ltr'>na·</span> 
     </span>
     <span class='ocr_line' id='line_1_69' title="bbox 2356 2670 3918 2774; baseline 0.011 -24"><span class='ocrx_word' id='word_1_390' title='bbox 2356 2691 2592 2765; x_wconf 73' lang='lat' dir='ltr'>tura3</span> <span class='ocrx_word' id='word_1_391' title='bbox 2664 2670 2855 2749; x_wconf 74' lang='lat' dir='ltr'>nihil</span> <span class='ocrx_word' id='word_1_392' title='bbox 2925 2691 3185 2751; x_wconf 88' lang='lat' dir='ltr'>autem</span> <span class='ocrx_word' id='word_1_393' title='bbox 3269 2678 3498 2774; x_wconf 85' lang='lat' dir='ltr'>potest</span> <span class='ocrx_word' id='word_1_394' title='bbox 3567 2679 3702 2761; x_wconf 86' lang='lat' dir='ltr'>fibi</span> <span class='ocrx_word' id='word_1_395' title='bbox 3775 2690 3918 2767; x_wconf 81' lang='lat' dir='ltr'>effe</span> 
     </span>
     <span class='ocr_line' id='line_1_70' title="bbox 2355 2767 3922 2879; baseline 0.009 -26"><span class='ocrx_word' id='word_1_396' title='bbox 2355 2767 2573 2854; x_wconf 85' lang='lat' dir='ltr'>causa</span> <span class='ocrx_word' id='word_1_397' title='bbox 2626 2772 2939 2867; x_wconf 76' lang='lat' dir='ltr'>effendi3</span> <span class='ocrx_word' id='word_1_398' title='bbox 2989 2773 3059 2851; x_wconf 79' lang='grc'>8(</span> <span class='ocrx_word' id='word_1_399' title='bbox 3099 2773 3270 2853; x_wconf 89' lang='lat' dir='ltr'>ideo</span> <span class='ocrx_word' id='word_1_400' title='bbox 3302 2803 3466 2879; x_wconf 79' lang='lat' dir='ltr'>quae</span> <span class='ocrx_word' id='word_1_401' title='bbox 3518 2805 3922 2866; x_wconf 88' lang='lat' dir='ltr'>moventur</span> 
     </span>
     <span class='ocr_line' id='line_1_71' title="bbox 2352 2873 3907 2988; baseline 0.008 -33"><span class='ocrx_word' id='word_1_402' title='bbox 2352 2873 2798 2955; x_wconf 86' lang='lat' dir='ltr'>naturaliter</span> <span class='ocrx_word' id='word_1_403' title='bbox 2841 2927 2869 2971; x_wconf 86' lang='lat'>‚</span> <span class='ocrx_word' id='word_1_404' title='bbox 2937 2899 3091 2953; x_wconf 89' lang='lat' dir='ltr'>non</span> <span class='ocrx_word' id='word_1_405' title='bbox 3158 2900 3474 2961; x_wconf 86' lang='lat' dir='ltr'>movent</span> <span class='ocrx_word' id='word_1_406' title='bbox 3551 2885 3622 2964; x_wconf 85' lang='lat' dir='ltr'>se</span> <span class='ocrx_word' id='word_1_407' title='bbox 3677 2885 3830 2988; x_wconf 89' lang='lat' dir='ltr'>ipsa</span> <span class='ocrx_word' id='word_1_408' title='bbox 3883 2919 3907 2966; x_wconf 71' lang='grc' dir='ltr'><strong>ε</strong></span> 
     </span>
     <span class='ocr_line' id='line_1_72' title="bbox 2353 2975 3915 3088; baseline 0.01 -34"><span class='ocrx_word' id='word_1_409' title='bbox 2353 3003 2510 3054; x_wconf 89' lang='lat' dir='ltr'>non</span> <span class='ocrx_word' id='word_1_410' title='bbox 2577 2975 2780 3054; x_wconf 90' lang='lat' dir='ltr'>enim</span> <span class='ocrx_word' id='word_1_411' title='bbox 2873 3000 3103 3073; x_wconf 88' lang='lat' dir='ltr'>grave</span> <span class='ocrx_word' id='word_1_412' title='bbox 3169 2998 3433 3060; x_wconf 89' lang='lat' dir='ltr'>movet</span> <span class='ocrx_word' id='word_1_413' title='bbox 3514 2984 3587 3065; x_wconf 83' lang='lat' dir='ltr'>se</span> <span class='ocrx_word' id='word_1_414' title='bbox 3672 2988 3915 3088; x_wconf 89' lang='lat' dir='ltr'>ipsum</span> 
     </span>
     <span class='ocr_line' id='line_1_73' title="bbox 2349 3075 3916 3192; baseline 0.012 -40"><span class='ocrx_word' id='word_1_415' title='bbox 2349 3077 2748 3192; x_wconf 73' lang='lat' dir='ltr'>deorsum,</span> <span class='ocrx_word' id='word_1_416' title='bbox 2821 3075 2939 3152; x_wconf 91' lang='lat' dir='ltr'>sed</span> <span class='ocrx_word' id='word_1_417' title='bbox 3016 3101 3375 3177; x_wconf 90' lang='lat' dir='ltr'>generans</span> <span class='ocrx_word' id='word_1_418' title='bbox 3459 3089 3655 3185; x_wconf 87' lang='lat' dir='ltr'>quod</span> <span class='ocrx_word' id='word_1_419' title='bbox 3708 3091 3916 3181; x_wconf 88' lang='lat' dir='ltr'>dedit</span> 
     </span>
     <span class='ocr_line' id='line_1_74' title="bbox 2346 3174 3906 3273; baseline 0.012 -19"><span class='ocrx_word' id='word_1_420' title='bbox 2346 3201 2416 3254; x_wconf 73' lang='lat' dir='ltr'>ei</span> <span class='ocrx_word' id='word_1_421' title='bbox 2492 3174 2814 3256; x_wconf 87' lang='lat' dir='ltr'>formam</span> <span class='ocrx_word' id='word_1_422' title='bbox 2858 3231 2880 3251; x_wconf 90' lang='lat'><strong>.</strong></span> <span class='ocrx_word' id='word_1_423' title='bbox 2956 3181 3042 3256; x_wconf 90' lang='lat' dir='ltr'>In</span> <span class='ocrx_word' id='word_1_424' title='bbox 3115 3182 3572 3267; x_wconf 87' lang='lat' dir='ltr'>animalibus</span> <span class='ocrx_word' id='word_1_425' title='bbox 3672 3192 3906 3273; x_wconf 88' lang='lat' dir='ltr'>etiam</span> 
     </span>
     <span class='ocr_line' id='line_1_75' title="bbox 2345 3276 3913 3393; baseline 0.013 -37"><span class='ocrx_word' id='word_1_426' title='bbox 2345 3277 2586 3357; x_wconf 89' lang='lat' dir='ltr'>brutis</span> <span class='ocrx_word' id='word_1_427' title='bbox 2640 3276 2898 3358; x_wconf 67' lang='lat' dir='ltr'>format</span> <span class='ocrx_word' id='word_1_428' title='bbox 2950 3276 3292 3382; x_wconf 61' lang='lat' dir='ltr'>sensam,</span> <span class='ocrx_word' id='word_1_429' title='bbox 3368 3289 3488 3365; x_wconf 89' lang='lat' dir='ltr'>vel</span> <span class='ocrx_word' id='word_1_430' title='bbox 3544 3290 3913 3393; x_wconf 87' lang='lat' dir='ltr'>imagina-</span> 
     </span>
     <span class='ocr_line' id='line_1_76' title="bbox 2346 3387 3915 3498; baseline 0.013 -41"><span class='ocrx_word' id='word_1_431' title='bbox 2346 3395 2439 3459; x_wconf 81' lang='lat' dir='ltr'>tae</span> <span class='ocrx_word' id='word_1_432' title='bbox 2510 3399 2903 3498; x_wconf 73' lang='lat' dir='ltr'>moventes</span> <span class='ocrx_word' id='word_1_433' title='bbox 2954 3437 2981 3479; x_wconf 87' lang='lat'>‚</span> <span class='ocrx_word' id='word_1_434' title='bbox 3053 3411 3203 3464; x_wconf 91' lang='lat' dir='ltr'>non</span> <span class='ocrx_word' id='word_1_435' title='bbox 3275 3387 3443 3468; x_wconf 83' lang='lat' dir='ltr'>sunt</span> <span class='ocrx_word' id='word_1_436' title='bbox 3493 3393 3915 3479; x_wconf 79' lang='lat' dir='ltr'>adinventae</span> 
     </span>
     <span class='ocr_line' id='line_1_77' title="bbox 2354 3480 3918 3586; baseline 0.011 -25"><span class='ocrx_word' id='word_1_437' title='bbox 2354 3485 2449 3561; x_wconf 89' lang='lat' dir='ltr'>ab</span> <span class='ocrx_word' id='word_1_438' title='bbox 2509 3480 2671 3583; x_wconf 76' lang='lat' dir='ltr'>ips1s</span> <span class='ocrx_word' id='word_1_439' title='bbox 2723 3483 3176 3567; x_wconf 88' lang='lat' dir='ltr'>animalibus</span> <span class='ocrx_word' id='word_1_440' title='bbox 3232 3488 3526 3586; x_wconf 84' lang='lat' dir='ltr'>brutis,</span> <span class='ocrx_word' id='word_1_441' title='bbox 3579 3488 3699 3573; x_wconf 85' lang='lat' dir='ltr'>sed</span> <span class='ocrx_word' id='word_1_442' title='bbox 3751 3497 3918 3577; x_wconf 89' lang='lat' dir='ltr'>sunt</span> 
     </span>
     <span class='ocr_line' id='line_1_78' title="bbox 2353 3584 3911 3685; baseline 0.01 -24"><span class='ocrx_word' id='word_1_443' title='bbox 2353 3599 2659 3685; x_wconf 81' lang='lat' dir='ltr'>receptae</span> <span class='ocrx_word' id='word_1_444' title='bbox 2711 3584 2790 3662; x_wconf 89' lang='lat' dir='ltr'>in</span> <span class='ocrx_word' id='word_1_445' title='bbox 2843 3592 2948 3669; x_wconf 90' lang='lat' dir='ltr'>eis</span> <span class='ocrx_word' id='word_1_446' title='bbox 3001 3590 3096 3667; x_wconf 88' lang='lat' dir='ltr'>ab</span> <span class='ocrx_word' id='word_1_447' title='bbox 3151 3590 3639 3673; x_wconf 86' lang='lat' dir='ltr'>exterioribus</span> <span class='ocrx_word' id='word_1_448' title='bbox 3702 3595 3911 3676; x_wconf 84' lang='lat' dir='ltr'>sensi-</span> 
     </span>
     <span class='ocr_line' id='line_1_79' title="bbox 2341 3685 3911 3791; baseline 0.01 -28"><span class='ocrx_word' id='word_1_449' title='bbox 2341 3685 2678 3783; x_wconf 81' lang='lat' dir='ltr'>bilibus,</span> <span class='ocrx_word' id='word_1_450' title='bbox 2726 3715 2890 3791; x_wconf 85' lang='lat' dir='ltr'>quae</span> <span class='ocrx_word' id='word_1_451' title='bbox 2941 3692 3021 3767; x_wconf 87' lang='lat' dir='ltr'>in</span> <span class='ocrx_word' id='word_1_452' title='bbox 3094 3686 3380 3767; x_wconf 85' lang='lat' dir='ltr'>sensum</span> <span class='ocrx_word' id='word_1_453' title='bbox 3450 3712 3690 3789; x_wconf 87' lang='lat' dir='ltr'>agunt</span> <span class='ocrx_word' id='word_1_454' title='bbox 3734 3750 3761 3791; x_wconf 84' lang='lat'>,</span> <span class='ocrx_word' id='word_1_455' title='bbox 3830 3696 3911 3777; x_wconf 74' lang='lat'>8&lt;</span> 
     </span>
     <span class='ocr_line' id='line_1_80' title="bbox 2347 3787 3906 3890; baseline 0.007 -25"><span class='ocrx_word' id='word_1_456' title='bbox 2347 3787 2754 3884; x_wconf 77' lang='lat' dir='ltr'>dijudicant</span> <span class='ocrx_word' id='word_1_457' title='bbox 2826 3814 2953 3890; x_wconf 89' lang='lat' dir='ltr'>per</span> <span class='ocrx_word' id='word_1_458' title='bbox 3006 3791 3416 3868; x_wconf 84' lang='lat' dir='ltr'>naturalem</span> <span class='ocrx_word' id='word_1_459' title='bbox 3491 3792 3906 3878; x_wconf 66' lang='lat' dir='ltr'>aestimatio-</span> 
     </span>
     <span class='ocr_line' id='line_1_81' title="bbox 2351 3888 3908 3989; baseline 0.004 -23"><span class='ocrx_word' id='word_1_460' title='bbox 2351 3914 2589 3966; x_wconf 88' lang='lat' dir='ltr'>nem:</span> <span class='ocrx_word' id='word_1_461' title='bbox 2663 3891 2856 3967; x_wconf 90' lang='lat' dir='ltr'>unde</span> <span class='ocrx_word' id='word_1_462' title='bbox 2926 3888 3128 3967; x_wconf 82' lang='lat' dir='ltr'>licet‘</span> <span class='ocrx_word' id='word_1_463' title='bbox 3174 3893 3731 3989; x_wconf 85' lang='lat' dir='ltr'>quodammodo</span> <span class='ocrx_word' id='word_1_464' title='bbox 3801 3898 3908 3978; x_wconf 78' lang='lat' dir='ltr'>di-</span> 
     </span>
     <span class='ocr_line' id='line_1_82' title="bbox 2352 3988 3911 4098; baseline 0.008 -30"><span class='ocrx_word' id='word_1_465' title='bbox 2352 4006 2616 4068; x_wconf 88' lang='lat' dir='ltr'>cantur</span> <span class='ocrx_word' id='word_1_466' title='bbox 2686 4015 2982 4070; x_wconf 84' lang='lat' dir='ltr'>movere</span> <span class='ocrx_word' id='word_1_467' title='bbox 3035 3990 3129 4068; x_wconf 85' lang='lat' dir='ltr'>se¹</span> <span class='ocrx_word' id='word_1_468' title='bbox 3175 3988 3323 4092; x_wconf 90' lang='lat' dir='ltr'>ipsa</span> <span class='ocrx_word' id='word_1_469' title='bbox 3363 4048 3390 4089; x_wconf 88' lang='lat'>‚</span> <span class='ocrx_word' id='word_1_470' title='bbox 3458 3993 3911 4098; x_wconf 85' lang='lat' dir='ltr'>inquantum</span> 
     </span>
     <span class='ocr_line' id='line_1_83' title="bbox 2346 4090 3906 4193; baseline 0.008 -22"><span class='ocrx_word' id='word_1_471' title='bbox 2346 4102 2609 4171; x_wconf 88' lang='lat' dir='ltr'>eorum</span> <span class='ocrx_word' id='word_1_472' title='bbox 2665 4117 2815 4170; x_wconf 88' lang='lat' dir='ltr'>una</span> <span class='ocrx_word' id='word_1_473' title='bbox 2858 4118 3019 4193; x_wconf 85' lang='lat' dir='ltr'>pars</span> <span class='ocrx_word' id='word_1_474' title='bbox 3071 4090 3169 4171; x_wconf 87' lang='lat' dir='ltr'>est</span> <span class='ocrx_word' id='word_1_475' title='bbox 3219 4118 3575 4191; x_wconf 79' lang='lat' dir='ltr'>movens,</span> <span class='ocrx_word' id='word_1_476' title='bbox 3627 4100 3700 4179; x_wconf 78' lang='grc'>8(</span> <span class='ocrx_word' id='word_1_477' title='bbox 3754 4101 3906 4183; x_wconf 85' lang='lat' dir='ltr'>alia</span> 
     </span>
     <span class='ocr_line' id='line_1_84' title="bbox 2353 4191 3915 4294; baseline 0.009 -25"><span class='ocrx_word' id='word_1_478' title='bbox 2353 4191 2452 4270; x_wconf 87' lang='lat' dir='ltr'>est</span> <span class='ocrx_word' id='word_1_479' title='bbox 2505 4209 2767 4284; x_wconf 75' lang='lat' dir='ltr'>mota3</span> <span class='ocrx_word' id='word_1_480' title='bbox 2819 4211 3072 4273; x_wconf 87' lang='lat' dir='ltr'>tamen</span> <span class='ocrx_word' id='word_1_481' title='bbox 3107 4195 3343 4294; x_wconf 90' lang='lat' dir='ltr'>ipsum</span> <span class='ocrx_word' id='word_1_482' title='bbox 3399 4223 3712 4281; x_wconf 85' lang='lat' dir='ltr'>movere</span> <span class='ocrx_word' id='word_1_483' title='bbox 3753 4228 3915 4284; x_wconf 87' lang='lat' dir='ltr'>non</span> 
     </span>
     <span class='ocr_line' id='line_1_85' title="bbox 2357 4292 3916 4410; baseline 0.008 -40"><span class='ocrx_word' id='word_1_484' title='bbox 2357 4292 2455 4370; x_wconf 87' lang='lat' dir='ltr'>est</span> <span class='ocrx_word' id='word_1_485' title='bbox 2529 4294 2635 4410; x_wconf 73' lang='lat' dir='ltr'>eis</span> <span class='ocrx_word' id='word_1_486' title='bbox 2701 4320 2793 4372; x_wconf 87' lang='lat' dir='ltr'>ex</span> <span class='ocrx_word' id='word_1_487' title='bbox 2863 4299 2933 4378; x_wconf 90' lang='lat' dir='ltr'>se</span> <span class='ocrx_word' id='word_1_488' title='bbox 3007 4296 3239 4396; x_wconf 76' lang='lat' dir='ltr'>ipsis,</span> <span class='ocrx_word' id='word_1_489' title='bbox 3296 4298 3424 4379; x_wconf 81' lang='lat' dir='ltr'>sed</span> <span class='ocrx_word' id='word_1_490' title='bbox 3496 4304 3763 4401; x_wconf 87' lang='lat' dir='ltr'>partim</span> <span class='ocrx_word' id='word_1_491' title='bbox 3818 4327 3916 4383; x_wconf 80' lang='lat' dir='ltr'>ex</span> 
     </span>
     <span class='ocr_line' id='line_1_86' title="bbox 2350 4397 3910 4504; baseline 0.008 -32"><span class='ocrx_word' id='word_1_492' title='bbox 2350 4398 2834 4477; x_wconf 72' lang='lat' dir='ltr'>exterioribus</span> <span class='ocrx_word' id='word_1_493' title='bbox 2923 4397 3217 4478; x_wconf 89' lang='lat' dir='ltr'>sensatis</span> <span class='ocrx_word' id='word_1_494' title='bbox 3260 4455 3289 4497; x_wconf 84' lang='lat'>‚</span> <span class='ocrx_word' id='word_1_495' title='bbox 3355 4403 3430 4482; x_wconf 71' lang='lat'>8&lt;</span> <span class='ocrx_word' id='word_1_496' title='bbox 3514 4407 3788 4504; x_wconf 88' lang='lat' dir='ltr'>partim</span> <span class='ocrx_word' id='word_1_497' title='bbox 3863 4433 3910 4486; x_wconf 86' lang='lat' dir='ltr'>a</span> 
     </span>
     <span class='ocr_line' id='line_1_87' title="bbox 2355 4501 3909 4607; baseline 0.007 -33"><span class='ocrx_word' id='word_1_498' title='bbox 2355 4516 2624 4576; x_wconf 88' lang='lat' dir='ltr'>natura</span> <span class='ocrx_word' id='word_1_499' title='bbox 2664 4529 2682 4579; x_wconf 76' lang='grc' dir='ltr'>ε</span> <span class='ocrx_word' id='word_1_500' title='bbox 2726 4501 3206 4602; x_wconf 77' lang='lat' dir='ltr'>&#39;inquantum</span> <span class='ocrx_word' id='word_1_501' title='bbox 3274 4504 3482 4584; x_wconf 88' lang='lat' dir='ltr'>enim</span> <span class='ocrx_word' id='word_1_502' title='bbox 3535 4507 3909 4607; x_wconf 90' lang='lat' dir='ltr'>appetitus</span> 
     </span>
     <span class='ocr_line' id='line_1_88' title="bbox 2355 4603 3914 4711; baseline 0.006 -34"><span class='ocrx_word' id='word_1_503' title='bbox 2355 4615 2615 4677; x_wconf 90' lang='lat' dir='ltr'>movet</span> <span class='ocrx_word' id='word_1_504' title='bbox 2688 4607 3024 4683; x_wconf 83' lang='lat' dir='ltr'>membra</span> <span class='ocrx_word' id='word_1_505' title='bbox 3070 4657 3098 4696; x_wconf 83' lang='lat'>‚</span> <span class='ocrx_word' id='word_1_506' title='bbox 3181 4603 3530 4684; x_wconf 90' lang='lat' dir='ltr'>dicuntur</span> <span class='ocrx_word' id='word_1_507' title='bbox 3596 4608 3666 4711; x_wconf 79' lang='lat' dir='ltr'>se</span> <span class='ocrx_word' id='word_1_508' title='bbox 3761 4607 3914 4707; x_wconf 85' lang='lat' dir='ltr'>ipsa</span> 
     </span>
     <span class='ocr_line' id='line_1_89' title="bbox 2361 4705 3922 4806; baseline 0.005 -27"><span class='ocrx_word' id='word_1_509' title='bbox 2361 4714 2665 4779; x_wconf 81' lang='lat' dir='ltr'>movere</span> <span class='ocrx_word' id='word_1_510' title='bbox 2697 4759 2725 4798; x_wconf 85' lang='lat'>‚</span> <span class='ocrx_word' id='word_1_511' title='bbox 2792 4707 2993 4806; x_wconf 88' lang='lat' dir='ltr'>quod</span> <span class='ocrx_word' id='word_1_512' title='bbox 3028 4705 3339 4799; x_wconf 61' lang='lat' dir='ltr'>,habent</span> <span class='ocrx_word' id='word_1_513' title='bbox 3406 4707 3567 4806; x_wconf 75' lang='lat' dir='ltr'>stipr</span> <span class='ocrx_word' id='word_1_514' title='bbox 3680 4708 3922 4788; x_wconf 89' lang='lat' dir='ltr'>inani-</span> 
     </span>
     <span class='ocr_line' id='line_1_90' title="bbox 2365 4805 3922 4921; baseline 0.004 -42"><span class='ocrx_word' id='word_1_515' title='bbox 2365 4822 2625 4899; x_wconf 84' lang='lat' dir='ltr'>mata,</span> <span class='ocrx_word' id='word_1_516' title='bbox 2673 4805 2746 4883; x_wconf 77' lang='lat'>8&lt;</span> <span class='ocrx_word' id='word_1_517' title='bbox 2801 4806 3087 4906; x_wconf 86' lang='lat' dir='ltr'>plantas</span> <span class='ocrx_word' id='word_1_518' title='bbox 3132 4835 3156 4900; x_wconf 67' lang='grc' dir='ltr'><strong>ς</strong></span> <span class='ocrx_word' id='word_1_519' title='bbox 3229 4807 3543 4921; x_wconf 76' lang='lat' dir='ltr'>inquant</span> <span class='ocrx_word' id='word_1_520' title='bbox 3602 4836 3676 4888; x_wconf 90' lang='lat' dir='ltr'>m</span> <span class='ocrx_word' id='word_1_521' title='bbox 3733 4836 3922 4890; x_wconf 87' lang='lat' dir='ltr'>vero</span> 
     </span>
    </p>
   </div>
   <div class='ocr_carea' id='block_1_11' title="bbox 681 4902 3932 5010">
    <p class='ocr_par' dir='ltr' id='par_1_14' title="bbox 681 4902 3932 5010">
     <span class='ocr_line' id='line_1_91' title="bbox 681 4902 3932 5010; baseline -0 -18"><span class='ocrx_word' id='word_1_522' title='bbox 681 4907 1100 4993; x_wconf 80' lang='lat' dir='ltr'>substantia</span> <span class='ocrx_word' id='word_1_523' title='bbox 1135 4902 1391 5007; x_wconf 87' lang='lat' dir='ltr'>aliqua</span> <span class='ocrx_word' id='word_1_524' title='bbox 1414 4904 1514 4985; x_wconf 69' lang='lat' dir='ltr'>eli</span> <span class='ocrx_word' id='word_1_525' title='bbox 1545 4903 1856 4983; x_wconf 87' lang='lat' dir='ltr'>domina</span> <span class='ocrx_word' id='word_1_526' title='bbox 1893 4905 2000 4982; x_wconf 88' lang='lat' dir='ltr'>sui</span> <span class='ocrx_word' id='word_1_527' title='bbox 2037 4903 2267 5005; x_wconf 58' lang='lat' dir='ltr'>acius,</span> <span class='ocrx_word' id='word_1_528' title='bbox 2369 4902 2612 5004; x_wconf 88' lang='lat' dir='ltr'>ipsum</span> <span class='ocrx_word' id='word_1_529' title='bbox 2685 4927 3035 5010; x_wconf 86' lang='lat' dir='ltr'>appetere</span> <span class='ocrx_word' id='word_1_530' title='bbox 3105 4909 3432 5009; x_wconf 72' lang='lat' dir='ltr'>sequitur</span> <span class='ocrx_word' id='word_1_531' title='bbox 3497 4912 3590 4992; x_wconf 88' lang='lat' dir='ltr'>de</span> <span class='ocrx_word' id='word_1_532' title='bbox 3635 4908 3932 4994; x_wconf 80' lang='lat' dir='ltr'>neceffi-</span> 
     </span>
    </p>
   </div>
   <div class='ocr_carea' id='block_1_12' title="bbox 3761 5027 3927 5099">
    <p class='ocr_par' dir='ltr' id='par_1_15' title="bbox 3761 5027 3927 5099">
     <span class='ocr_line' id='line_1_92' title="bbox 3761 5027 3927 5099; baseline -0.03 0"><span class='ocrx_word' id='word_1_533' title='bbox 3761 5027 3927 5099; x_wconf 79' lang='lat' dir='ltr'>tate</span> 
     </span>
    </p>
   </div>
  </div>
 </body>
</html>
