4597 5696
567 2536 591 2561 ⁸
753 2525 1425 2613 contradiffionem
1458 2580 1486 2623 ‚

777 450 892 558 μζ

761 615 1031 702 potens
1047 646 1081 690 ,
1127 583 1589 693 estimabant
1639 611 1807 671 eum
1825 641 1847 671 .
2154 645 2161 652 -

644 715 655 722 -
1046 691 1102 754 c
1188 693 1254 760 Α
1336 686 1385 760 Ρ
1473 687 1530 761 u
1618 685 1682 755 Τ
1804 682 2070 758 xxm.

801 777 981 865 Quod
1018 762 1178 840 Deus
1216 794 1324 840 non
1363 769 1490 857 agie
1524 786 1629 860 per
1655 770 2014 856 neceffieaetem
2055 788 2269 836 nmrae
2288 814 2312 842 .

935 900 1003 986 Χ
1044 896 1184 982 hoc
1211 910 1465 980 autem
1488 889 1889 978 ostenditur
1907 893 2110 1001 quod
2149 896 2358 979 Deus

985 1001 1143 1105 agit
1192 999 1276 1078 in
1326 996 1676 1080 creaturis
1728 1019 1882 1081 non
1925 994 2353 1076 ex·neceffi-

758 1120 916 1287 {ate
987 1112 1259 1224 navatae
1301 1155 1333 1200 ‚
1386 1098 1507 1180 sed
1575 1122 1707 1203 per
1782 1097 2174 1186 arbitrium
2222 1124 2356 1184 vo-

800 1223 1072 1294 nutans
1101 1264 1120 1283 ·
1579 1283 1583 1286 .

837 1337 935 1388 .1.
990 1306 1268 1390 Omnis
1319 1303 1525 1389 enim
1573 1303 1860 1404 agentis
1929 1329 2062 1411 per
2111 1301 2353 1383 neces-

763 1410 1054 1491 fitatem
1109 1435 1203 1487 na
1290 1432 1382 1485 rae
1416 1459 1445 1502 ‚
1530 1406 1765 1490 virtus
1816 1406 2355 1492 determinatur

765 1514 857 1594 ad
907 1535 1141 1607 unum
1194 1535 1235 1587 e
1296 1505 1590 1592 cuum:
1644 1508 1718 1590 δε
1772 1507 1944 1615 inde
1993 1506 2097 1588 est
2148 1509 2350 1611 quod

760 1613 1017 1697 omnia
1066 1610 1425 1710 naturalia
1479 1609 1763 1710 semper
1815 1609 2174 1695 eveniunt
2224 1635 2351 1689 eo-

757 1717 933 1800 dem
982 1713 1258 1812 modo3
1332 1709 1469 1793 'nifi
1519 1709 1627 1828 fit·
1675 1711 2347 1812 impedimentum3

754 1841 911 1901 non
960 1817 1213 1902 autem
1261 1812 1679 1902 voluntaria
1694 1869 1715 1896 .
1768 1814 2056 1898 Divina
2103 1816 2345 1896 virtus

758 1935 1011 2006 autem
1085 1944 1241 2004 non
1289 1917 1668 2002 ordinatur
1743 1917 1836 2001 ad
1886 1942 2122 2000 unum
2172 1917 2343 1999 effe·

753 2020 961 2106 &um
1016 2035 1350 2116 tantum,
1400 2035 1486 2104 ut
1538 2019 1746 2119 supra
1798 2017 1828 2116 (
1877 2044 2043 2120 cap..
2086 2045 2224 2103 xxi
2246 2019 2341 2117 1.)

757 2123 1122 2206 ostensum
1175 2120 1274 2199 est
1317 2176 1337 2198 .
1397 2125 1601 2199 Deus
1654 2119 1881 2219 igitur
1950 2141 2101 2198 non
2182 2122 2341 2220 agit

750 2247 887 2411 rer
939 2222 1434 2310 necesfitatem
1484 2236 1755 2308 naturae
1780 2275 1807 2317 ‚
1861 2221 1980 2303 sed
2031 2245 2162 2325 per
2212 2247 2342 2302 vo-

789 2338 1123 2409 untatem
1145 2379 1166 2401 .

859 2454 927 2506 2.
986 2425 1251 2507 Adhuc
1283 2481 1304 2505 .
1360 2422 1568 2529 Quid
1619 2420 1746 2505 uid
1797 2447 1951 2505 non
2001 2419 2341 2522 implicat

1594 2522 1797 2605 ubest
1864 2523 2134 2605 divinae
2208 2551 2335 2626 po-

756 2632 1053 2728 tentiae,
1101 2645 1189 2714 ut
1237 2626 1601 2710 ostensum
1653 2625 1755 2704 est
1804 2627 2017 2728 (cap.
2070 2629 2337 2728 praee.)

750 2735 1012 2814 Multa
1062 2748 1309 2814 autem
1350 2756 1504 2812 non
1559 2730 1726 2812 sunt
1780 2729 1859 2813 in
1886 2729 2100 2810 rebus
2141 2755 2337 2812 crea-

746 2835 895 2930 tis,
944 2860 1105 2936 quae
1140 2851 1391 2918 tamen
1431 2831 1484 2914 fi
1521 2833 1790 2928 efflent,
1814 2831 2333 2917 contradiffio-

750 2959 931 3016 nem
968 2962 1120 3016 non
1149 2936 1660 3037 implicarent,
1715 2935 1894 3015 ficut
1921 2949 2124 3033 patet
2157 2960 2330 3037 prz-

753 3037 973 3136 cipue
1023 3039 1215 3119 circa
1243 3060 1681 3130 numerum,
1715 3038 1788 3116 8<
1816 3038 2336 3136 quantitatem,

751 3138 828 3218 8<
858 3138 1230 3220 distantias
1256 3135 1622 3217 stellarum
1649 3190 1676 3232 ‚
1710 3138 1784 3217 8(
1822 3138 2141 3219 aliorum
2178 3163 2335 3216 cor-

695 3300 699 3305 .
752 3264 1070 3343 porum:
1125 3240 1207 3319 in
1257 3239 1525 3339 quibus
1575 3236 1628 3315 fi
1659 3237 1875 3321 aliter
1925 3239 1997 3318 se
2036 3238 2337 3321 haberet

753 3342 939 3422 ordo
987 3366 1234 3424 rerum
1256 3396 1284 3435 ,
1350 3339 1837 3421 contradie’cio
1888 3366 2040 3420 non
2092 3340 2336 3443 impli-

748 3459 1076 3527 caretur.
1131 3445 1388 3524 Multa
1440 3442 1671 3542 igitur
1719 3442 2017 3524 subsunt
2063 3443 2337 3525 divinae

753 3547 1106 3662 potentiae
1176 3571 1335 3647 quae
1389 3545 1471 3622 in
1520 3568 1765 3622 rerum
1844 3562 2108 3627 natura
2183 3571 2341 3626 non

753 3650 1240 3728 inveniuntur
1278 3706 1297 3724 .
1376 3646 1853 3747 Quicumque
1904 3663 2154 3729 autem
2206 3673 2330 3727 eo·

753 3770 926 3827 rum
974 3774 1133 3851 qua:
1187 3748 1415 3849 potest
1470 3745 1705 3827 faeere
1736 3801 1768 3843 ‚
1838 3749 2175 3851 quaedam
2227 3747 2328 3827 fa-

751 3848 921 3945 cit-²,
970 3851 1046 3932 8<
1097 3853 1428 3950 quaedam
1480 3875 1634 3927 non
1686 3846 1908 3946 facit,
1991 3851 2149 3949 agit
2201 3876 2333 3951 per
2417 3869 2542 3932 tet

738 3949 1197 4032 elefflonem
1253 3951 1653 4033 voluntatis
1672 4004 1703 4045 ,
1750 3953 1826 4030 8<
1858 3976 2010 4031 non
2048 3977 2177 4055 per
2209 3977 2333 4031 ne·

750 4053 1156 4138 ceffitatem
1209 4072 1482 4144 naturae
1527 4110 1547 4141 ,
1623 4056 1825 4132 Deus
1898 4053 2131 4155 igitur
2181 4079 2336 4135 non

744 4155 910 4333 zgoilt
959 4182 1102 4337 pteart
1140 4157 1637 4249 neceffitatem
1682 4170 1996 4254 naturae,
2053 4155 2173 4236 sed
2209 4179 2342 4263 per

894 4284 992 4335 un
1104 4287 1226 4340 em
1251 4318 1270 4336 .

862 4383 930 4456 3.
985 4362 1212 4439 Item.
1267 4362 1878 4463 Unumquodque
1927 4382 2150 4458 agens
2191 4360 2335 4439 hoc

751 4458 983 4537 modo
1032 4462 1190 4559 agit
1240 4462 1637 4544 secundum
1684 4463 1881 4564 quod
1933 4459 2336 4541 similitudo

751 4559 931 4640 saffli
984 4559 1085 4637 est
1137 4562 1218 4639 in
1271 4564 1473 4662 ipso:
1546 4589 1772 4644 omne
1821 4563 2030 4646 enim
2110 4586 2337 4663 agens

753 4660 913 4842 ιῇἰε
963 4660 1095 4744 fibi
1149 4661 1385 4742 fimile
1420 4721 1440 4741 .
1515 4670 1770 4747 Omne
1842 4682 2094 4745 autem
2143 4669 2344 4766 quod

753 4785 798 4843 e
911 4763 995 4843 in
1046 4764 1337 4862 altero,
1407 4764 1509 4844 est
1562 4770 1643 4844 in
1696 4794 1791 4848 eo
1857 4794 1987 4870 per
2037 4770 2345 4849 modum

761 4863 933 4965 ejus
967 4866 1050 4946 in
1098 4892 1249 4968 quo
1300 4865 1448 4947 est.
1524 4870 1786 4965 Quum
1861 4873 1886 4947 i
1941 4872 2089 4953 itur
2139 4874 2345 4953 Deus

754 4967 850 5049 fit
903 4994 1033 5070 per
1082 4970 1461 5053 effentiam
1513 4970 1715 5049 suam
1755 4971 1910 5049 inte
1973 4975 2175 5071 'gens
2198 5025 2225 5067 ‚
2262 4991 2347 5055 ut

1421 474 1561 560 m:
1620 453 2208 548 veni-rare
2266 471 3005 546 CA‘rnochE
3062 473 3382 545 rrum

2457 585 2617 680 est3
2667 597 2972 688 oportet
3019 586 3224 689 quod
3270 582 3692 671 fimilituda
3744 586 4052 672 effeetus

2458 689 2570 770 sui
2623 687 2711 771 fit
2763 689 2844 768 in
2893 712 2987 772 eo
3040 713 3172 791 per
3223 691 3540 770 modum
3619 691 4098 796 intelligibi··

2457 793 2656 876 lem.
2712 791 2953 892 Igitur
3001 816 3135 894 per
3186 790 3658 884 intelleaum
3688 795 3881 895 agit.
3936 800 4057 876 In·

2458 893 2796 976 telleRus
2853 910 3105 980 autem
3155 921 3310 976 non
3364 894 3522 994 agit
3573 894 3902 1002 aliquem
3954 896 4059 977 es-

2454 995 2741 1082 festum
2773 995 2931 1094 ‹.ssifi
2984 997 3367 1080 mediante
3439 995 3826 1080 voluntate
3849 1053 3875 1091 ,
3929 1025 4056 1079 eu·

2457 1098 2568 1200 jus
2617 1097 3000 1200 obje&um
3051 1098 3152 1179 est
3206 1101 3496 1182 bonum
3547 1097 4053 1201 bireikeim»,

2455 1203 2657 1305 quod
2709 1218 2969 1282 movet
3019 1217 3370 1302 agentem
3421 1216 3506 1280 ut
3558 1199 3766 1281 finis·
3853 1207 4051 1286 Deus

2453 1305 2686 1406 igitur
2738 1329 2867 1407 per
2917 1304 3389 1388 voluntatem
3438 1302 3598 1406 agit
3633 1356 3663 1402 ,
3712 1329 3866 1385 non
3921 1330 4052 1410 per

2450 1408 2951 1492 necestitatem
3003 1423 3276 1492 naturae
3301 1463 3322 1487 .
3903 1411 3920 1422 ‘

2454 1537 2626 1693 ιχ*
2648 1507 4048 1715 fflfflssissisffii⁰3sshffssss⁰3hff

2448 1715 2621 1820 plex
2670 1712 2774 1795 est
2823 1712 3059 1797 affin:
3113 1738 3263 1791 una
3313 1738 3473 1812 quae
3525 1729 3786 1794 manet
3841 1713 3921 1792 in
3972 1739 4048 1793 a·

2443 1832 2716 1917 gente,
2767 1818 2844 1900 8(
2895 1815 2996 1895 est
3053 1812 3414 1916 perfectio
3462 1813 3746 1915 ipsium
3798 1830 3881 1898 ut
3935 1816 4047 1897 vi·

2443 1921 2660 2009 dere3
2733 1918 2881 2002 alia
2983 1943 3095 1998 uae
3145 1915 3396 2000 tranfit
3473 1918 3552 1998 in
3607 1917 3973 2000 exteriora
4007 1972 4041 2014 ‚

2441 2022 2516 2104 8<
2568 2020 2668 2104 est
2723 2020 2922 2122 perse
3002 2021 3081 2102 io
3132 2018 3308 2100 faeci
3340 2074 3367 2115 ,
3419 2017 3598 2099 ficut
3648 2021 4041 2101 combure-

2439 2147 2519 2202 re
2570 2124 2651 2218 in
2704 2124 2920 2221 igne.
2978 2122 3260 2202 Divina
3311 2138 3561 2198 autem
3617 2121 3819 2201 aftio
3872 2147 4033 2202 non

2443 2222 2677 2328 potest
2729 2225 2871 2301 ess‘e
2906 2225 2996 2301 de
3023 2243 3295 2320 genere
3321 2220 4029 2311 illarumtastionum

2439 2349 2603 2424 quae
2657 2349 2811 2401 non
2866 2324 3028 2404 sunt
3081 2323 3161 2399 in
3212 2338 3476 2420 agente
3514 2376 3542 2416 ‚
3612 2345 3849 2422 quum
3900 2321 4026 2401 sua

2437 2424 2642 2506 aetio
2688 2423 2775 2507 fit
2826 2424 2950 2505 sua
3004 2421 3450 2517 substantia,
3500 2439 3583 2500 ut
3635 2424 3720 2502 in
3769 2423 4022 2526 primo

2437 2527 2466 2627 (
2521 2527 2687 2607 Lib.
2706 2550 2866 2632 cap.
2904 2525 3108 2624 xlv.)
3158 2523 3521 2607 ostensum
3580 2521 3720 2603 est.
3778 2528 4020 2625 Opor-

2438 2645 2545 2713 tet
2596 2629 2827 2730 igitur
2874 2630 3072 2730 quod
3125 2624 3212 2708 fit
3260 2626 3350 2703 de
3399 2649 3672 2725 genere
3723 2626 4022 2706 illarum
4109 2717 4116 2721 ‚

2437 2729 2817 2813 afflonum
2868 2755 3028 2830 quae
3050 2730 3217 2811 sunt
3267 2731 3350 2810 in
3371 2746 3634 2828 agente
3665 2785 3693 2822 ,
3743 2728 3822 2810 8(
3858 2729 4025 2812 sunt

2431 2833 2628 2936 quasi
2682 2831 3042 2935 perfessio
3091 2829 3351 2932 ipfius.
3411 2828 3855 2930 Hujusmodi
3894 2856 4018 2931 au·
4153 2926 4174 2941 ,
4231 2908 4260 2931 ,,

2433 2954 2588 3018 tem
2640 2962 2792 3018 non
2824 2937 2985 3018 sunt
3037 2933 3173 3013 nifi
3209 2931 3535 3013 afflones
3574 2932 4018 3034 eognoscen-

2437 3039 2580 3134 tis‚
2631 3039 2706 3118 8<
2756 3064 2800 3119 a
2853 3036 3205 3138 petentis.
3261 3040 3463 3115 Deus
3490 3034 3724 3135 igitur
3745 3060 4018 3134 cogno-

2438 3140 2744 3235 scendo,
2923 3139 3246 3219 volendo
3294 3137 3501 3238 agit,
3552 3138 3625 3218 8<
3656 3155 4017 3237 operatur:

2435 3267 2591 3320 non
2641 3242 2872 3343 igitur
2943 3265 3071 3341 per
3120 3239 3619 3322 neceffitatem
3687 3256 3957 3322 naturae
3994 3282 4046 3337 ‚2

2439 3341 2559 3424 sed
2610 3367 2744 3444 per
2791 3342 3181 3426 arbitrium
3236 3341 3637 3423 voluntatis
3668 3399 3691 3417 .

2553 3471 2617 3544 ς.
2676 3445 2982 3527 Adhuc.
3041 3450 3290 3526 Deum
3343 3469 3561 3542 agere
3596 3461 3888 3543 propter
3943 3443 4029 3523 fi-

2438 3572 2618 3629 nem
2686 3572 2778 3628 ex
2829 3548 2970 3628 hoc
3022 3544 3489 3627 manifestum
3541 3548 3682 3622 effe
3737 3544 4027 3643 potest,

2426 3652 2627 3752 quod
2680 3649 3106 3731 universum
3158 3671 3310 3724 non
3362 3645 3462 3721 est
3513 3670 3558 3722 a
3607 3645 3772 3728 cafu
3802 3699 3829 3736 ‚
3901 3645 4025 3724 sed

2426 3753 2523 3833 ad
2571 3752 2875 3851 aliquod
2904 3751 3206 3865 ‘bonum
3260 3745 3637 3860 ordinatur
3670 3798 3697 3838 ,
3768 3764 3849 3825 ut
3903 3772 4025 3846 pa-

2433 3876 2737 4057 phyl'i‘
2775 3846 4022 4045 33230<Szffiz¹1..¹3¹351¹‡4„32331

2442 4073 2595 4137 tem
2646 4077 2869 4154 agens
2922 4074 3054 4152 pro
3104 4062 3217 4128 ter
3268 4048 3499 4131 finem
3536 4070 3827 4151 oportet
3880 4055 4028 4143 esse

2441 4182 2664 4260 agens
2705 4179 2835 4257 per
2871 4152 3052 4234 intel
3086 4150 3384 4245 celum,
3418 4152 3494 4230 8<
3526 4154 4021 4237 voluntatem:

2434 4285 2523 4341 ea
2575 4258 2779 4337 enim
2817 4282 2990 4357 quae
3045 4254 3424 4334 intellefflu
3476 4274 4026 4359 carent‚agunt

2436 4377 2733 4463 propter
2784 4358 3013 4439 finem
3066 4357 3243 4439 ficut
3303 4358 3388 4439 in
3423 4356 3668 4435 *finem
3723 4361 3816 4436 ab
3871 4361 4025 4438 alio

2435 4460 2758 4557 dire823
2809 4460 3009 4562 quod
3057 4460 3360 4560 quidem
3400 4459 3481 4537 in
3510 4461 4018 4541 artificialibus

2437 4581 2689 4668 patet,
2740 4588 2918 4641 nam
2971 4561 3247 4661 sagittae
3301 4579 3547 4641 motus
3601 4563 3699 4640 est
3755 4566 3844 4641 ad
3898 4567 4019 4641 de-

2449 4667 2929 4748 terminatum
2984 4663 3271 4765 lignum
3322 4688 3414 4743 ex
3463 4663 3866 4745 direffione
3925 4668 4024 4742 sa·

2448 4769 2782 4873 gittantis
2817 4797 2851 4867 ;
2921 4764 3158 4846 fimile
3210 4783 3459 4846 autem
3538 4767 3679 4847 else
3733 4782 4028 4870 oportet

2449 4873 2530 4951 in
2580 4868 3040 4951 naturalibus
3071 4897 3102 4946 .·
3167 4871 3261 4949 ad
3329 4868 3468 4947 hoc
3503 4966 3506 4969 Ι
3545 4870 3749 4947 enim
3821 4866 4020 4964 quod

2447 4973 2727 5074 aliquid
2779 4970 3053 5054 direSie
3106 4972 3188 5049 in
3239 4968 3466 5049 finem
3518 4971 3846 5049 debitum
3901 4991 4021 5043 or·

764 5071 976 5177 ῙὶῑΡῖὅι
1024 5071 1055 5175 (
1103 5098 1259 5180 cap·
1313 5073 1514 5167 ἰὼν·
1571 5075 1628 5155 I·
1658 5070 1826 5157 Lib·
1879 5072 1911 5176 2
1959 5073 2356 5180 probatum
2453 5077 2789 5180 dinewr,
2840 5073 3233 5178 requiritur
3282 5072 3616 5175 cognitio
3667 5067 3880 5172 ipfius
3937 5066 4020 5145 fi·

3856 5170 3972 5252 nis
4001 5224 4030 5269 ,
