4597 5696
802 348 920 410 208

1445 346 1583 408 DE
1645 331 2223 409 VERITATE
2278 344 3006 417 CATHOLICAE
3067 353 3381 419 FIDEI

791 472 1120 572 corporis
1172 483 1523 568 apparent
1547 465 1991 545 diversarum
2029 463 2355 567 partium
2455 491 2615 566 quae
2671 464 3036 546 rationem
3068 462 3485 576 ministrat.
3540 469 3689 550 sed
3713 464 4031 554 dicimus

790 567 1058 652 animae
1134 571 1597 669 operationes
1636 623 1661 664 ‚
1740 567 1921 648 sicut
1996 584 2197 670 patet
2274 567 2357 645 in
2462 595 2687 648 unam
2741 567 3074 649 eamdem
3108 565 3245 664 effe
3285 568 3614 649 animam
3669 571 3748 650 in
3800 572 4028 652 homi·

790 672 1234 754 animalibus
1289 696 1451 772 quae
1502 668 1739 752 decisa
1791 671 2056 750 vivunt
2092 724 2120 764 ‚
2187 668 2363 770 quia
2467 701 2560 753 ne
2614 697 2769 772 quae
2819 672 2918 750 o·
2957 689 3207 770 corpus
3242 667 3394 766 sua
3425 668 3783 768 sbcietate
3821 675 4033 756 vivi-

789 780 1050 856 eadem
1092 799 1254 875 pars
1289 773 1509 855 habet
1536 783 1871 867 motum,
1922 773 1995 852 8(
2054 770 2363 867 sensum3
2433 774 2638 872 -ficet
2687 831 2716 874 ‚
2790 775 2890 853 <9⁴
2956 769 3443 876 semetipsam
3511 772 3665 874 sua
3748 776 4036 860 ratione

786 881 866 960 8<
915 877 1331 981 appetitum
1383 901 1536 975 quo
1590 891 1930 954 movetur
1962 904 1994 968 ς
2046 876 2119 953 8(
2168 871 2361 951 fimi·
2467 876 2813 983 disponat
2863 929 2887 950 .

789 981 964 1062 liter
1014 981 1270 1058 eadem
1326 1004 1486 1080 pars
1540 979 1805 1080 plantae
1848 977 2083 1056 decisa
2135 973 2366 1053 nutri·

793 1101 958 1178 tur,
1011 1099 1317 1182 augetur
1352 1135 1378 1174 ‚
1452 1082 1526 1158 8(
1575 1076 1999 1179 germinat:
2071 1103 2161 1158 ex
2210 1102 2364 1178 quo

796 1200 1095 1287 apparet
1165 1185 1363 1283 quod
1433 1182 1728 1261 diversa:
1807 1198 2042 1283 partes
2095 1181 2362 1259 animae

796 1288 880 1367 in
930 1313 1076 1367 una
1127 1285 1201 1365 8(
1252 1284 1506 1363 eadem
1549 1299 1750 1383 parte
1772 1281 2129 1386 ‘corporis
2181 1281 2363 1360 fint.

797 1391 990 1471 Non
1060 1386 1291 1487 igitur
1360 1386 1526 1480 sunt
1594 1385 1891 1465 diversae
1960 1384 2227 1464 animae
2282 1382 2364 1460 in

710 1537 711 1540 κ
795 1490 1014 1573 nobis
1059 1545 1086 1586 ‚
1194 1486 1511 1567 diversis·
1612 1486 1936 1586 partibus
2025 1484 2364 1587 corporis

796 1592 1171 1672 attributae
1192 1645 1212 1666 .
2248 1600 2256 1611 '

902 1719 975 1789 7.
1050 1691 1403 1793 Amplius
1447 1748 1464 1767 .
1539 1688 1862 1769 Diversae
1944 1690 2140 1770 vires
2206 1713 2370 1792 quae

797 1820 953 1877 non
991 1795 1408 1874 radicantur
1445 1794 1522 1871 in
1553 1818 1704 1872 uno
1740 1791 2116 1893 principio
2138 1845 2165 1888 ‚
2216 1817 2375 1871 non

799 1897 1221 2000 impediunt
1252 1895 1673 1975 seinvicem
1727 1895 1807 1973 in
1859 1894 2149 1994 agendo
2172 1947 2199 1992 ,
2234 1893 2370 1973 nisi

801 1997 994 2082 forte
1046 2023 1298 2079 earum
1338 1997 1663 2079 afflones
1701 1997 1927 2076 essent
1958 1997 2374 2095 contrariae,

797 2104 1004 2202 quod
1073 2102 1155 2181 in
1221 2098 1592 2202 proposito
1672 2125 1826 2177 non
1923 2099 2301 2200 contingit
2345 2156 2371 2177 .

800 2203 1170 2282 Videmus
1222 2220 1473 2278 autem
1525 2202 1725 2299 quod
1774 2199 2068 2280 diversae
2117 2224 2372 2300 opera-

798 2300 1046 2382 tiones
1101 2299 1363 2379 animae
1441 2301 1857 2399 impediunt
1926 2300 1998 2379 se
2047 2328 2091 2377 ε·
2137 2325 2372 2399 quum

797 2403 1013 2485 enim
1060 2426 1206 2479 una
1258 2400 1357 2479 est
1410 2400 1691 2479 intensa
1715 2454 1742 2495 ‚
1776 2398 2007 2477 altera
2056 2400 2373 2479 remitti-

800 2520 925 2590 tur
957 2559 978 2582 .
1033 2505 1354 2618 Oportet
1406 2501 1633 2602 igitur
1691 2503 1891 2603 quod
1944 2499 2090 2581 istae
2143 2500 2369 2580 afflo-

2766 1027 3407 1093 CAPUT
3535 1032 3713 1096 LIX.

2545 1162 2724 1250 Quod
2759 1159 3079 1224 intelleflus
3128 1158 3396 1240 poffibilt‘s
3435 1161 3683 1228 hominis
3723 1189 3833 1232 non
3871 1166 3947 1248 est

2909 1240 3228 1322 substantia
3255 1241 3523 1326 separata
3544 1286 3562 1308 .

2751 1364 2808 1426 1.
2851 1368 3015 1426 Pare.
3058 1360 3247 1446 quest.
3291 1364 3499 1429 lxxvi.
3541 1388 3654 1431 αντ.
3705 1391 3762 1432 1.

2626 1488 2924 1567 Uerunt
2972 1502 3222 1566 autem
3256 1487 3329 1565 8(
3381 1487 3544 1567 alia*
3574 1490 4038 1573 adinventio·

2679 1613 2774 1667 ne
2825 1605 3115 1668 utentes
3169 1588 3250 1666 in
3325 1589 3784 1691 sustinend0‚
3831 1595 4036 1698 quod

2473 1688 2864 1770 substantia
2971 1685 3490 1774 intellefiualis
3579 1721 3734 1774 non
3821 1697 4038 1799 possit

2473 1792 2672 1872 uniri
2722 1792 3016 1894 corpori
3052 1809 3135 1872 ut
3158 1790 3397 1873 forma
3417 1852 3437 1872 .
3493 1797 3775 1878 Dicunt
3828 1799 4036 1878 enim

2474 1896 2675 2077 {uod
2726 1891 3141 1977 intelleEIus
3184 1949 3211 1991 ‚
3286 1897 3515 1975 etiam
3588 1925 3812 2001 quem
3869 1901 4039 1982 Ari-

2534 1997 2768 2077 oteles
2838 1997 3250 2099 possibilem
3337 2009 3554 2079 vocat
3640 2001 3673 2101 (
3741 2005 3886 2082 ΙΙΙ.
3947 2003 4044 2082 de

2475 2100 2761 2179 Anima
2813 2114 2989 2181 text.
3017 2124 3292 2179 comm.
3344 2124 3415 2179 v.
3469 2102 3499 2200 )
3549 2100 3653 2181 est
3703 2104 4041 2205 quaedam

2474 2200 2866 2280 substantia
2953 2200 3274 2299 separata
3309 2254 3338 2296 ‚
3406 2228 3561 2282 non
3649 2205 4042 2297 coniunfflt

2475 2303 2691 2416 nobis
2759 2318 2845 2381 ut
2914 2299 3154 2381 forma
3194 2329 3215 2382 ε
3282 2301 3361 2383 8(
3408 2302 3551 2383 hoc
3600 2304 4041 2390 confirmare

2474 2418 2815 2482 nituntur
2847 2458 2871 2480 .

2582 2530 2644 2582 1.
2698 2502 2952 2583 Primo
3000 2524 3094 2582 ex
3145 2502 3385 2583 verbis
3410 2503 3824 2586 Aristotelis
3838 2563 3868 2607 ,
3904 2513 4037 2611 qui

800 2631 981 2705 τιεε,
1032 2606 1108 2685 8(
1159 2630 1351 2685 vires
1401 2629 1563 2706 quae
1620 2604 1786 2685 sunt
1816 2625 2074 2683 eorum
2125 2601 2370 2705 proxi·
2467 2604 2695 2702 dicit,
2747 2606 2838 2684 de
2872 2605 3013 2686 hoc
3045 2603 3426 2685 intelleflu
3456 2607 3806 2708 loquens,
3839 2614 4041 2712 quod

792 2708 933 2792 ‘ma
985 2708 1350 2810 principia
1391 2762 1419 2806 ‚
1486 2708 1922 2788 reducantur
1996 2706 2078 2784 in
2145 2730 2382 2786 unum

806 2811 1261 2916 principium
1302 2870 1321 2890 .
1398 2811 1571 2892 Hoc
1624 2826 1874 2892 autem
1926 2807 2380 2912 principium

804 2941 965 2998 non
1016 2913 1246 3014 potest
1301 2913 1438 2991 effe
1466 2939 1765 3014 corpus:
1826 2931 1989 2991 tum
2019 2912 2197 3012 quia
2246 2912 2378 2991 ali-

807 3040 957 3116 qua
1009 3012 1207 3094 affio
1256 3012 1358 3091 est
1413 3015 1493 3092 in
1544 3041 1689 3113 qua
1756 3039 1908 3092 non
1960 3013 2379 3092 communi-

808 3135 933 3199 cat
984 3140 1299 3216 corpus,
1354 3115 1631 3194 scilicet
1686 3114 2161 3214 intelligere3
2214 3133 2376 3194 tum

809 3284 815 3291 .
870 3217 995 3297 uia
1045 3214 1094 3294 fi
1170 3216 1622 3318 principium
1706 3217 1967 3302 harum
2014 3215 2296 3295 virium
2347 3273 2379 3317 ‚

810 3242 889 3399 ἓ(
935 3317 1318 3409 afflonum
1368 3319 1539 3398 esset
1580 3342 1839 3418 corpus
1861 3372 1888 3412 ‚
1941 3317 2378 3418 inquantum

809 3418 1282 3519 hujusmodi,
1335 3419 1842 3499 invenirentur
1895 3419 1974 3496 in
2014 3420 2379 3500 *omnibus

813 3524 1241 3624 corporibus
1281 3550 1297 3596 ε
1376 3524 1574 3622 quod
1627 3537 1827 3621 patet
1879 3521 2015 3598 effe
2062 3519 2380 3616 salsum3

815 3626 891 3704 8(
942 3626 1037 3704 fic
1089 3623 1526 3722 relinquitur
1546 3624 1743 3723 quod
1796 3621 1881 3700 fit
1930 3621 2381 3723 principium

819 3748 1075 3805 earum
1130 3725 1366 3802 forma
1418 3724 1663 3823 aliqua
1715 3748 1859 3801 una
1899 3776 1925 3818 ‚
1974 3748 2104 3824 per
2154 3749 2383 3824 quam

810 3825 967 3904 hoc
1019 3850 1277 3925 corpus
1330 3824 1427 3901 est
1484 3826 1627 3904 tale
1703 3849 1961 3923 corpus
1989 3883 2015 3925 ‚
2066 3851 2226 3925 quae
2279 3825 2382 3906 est

823 3927 1114 4006 anima.
1174 3924 1650 4024 Relinquitur
1703 3925 1930 4025 igitur
1981 3928 2176 4027 quod
2228 3953 2388 4005 om-

821 4055 951 4110 nes
1002 4026 1611 4119 aetionesanimae
1640 4052 1792 4125 quae
1844 4026 2119 4106 suntin
2147 4031 2388 4124 nobiS‚

820 4134 916 4210 ab
969 4131 1119 4231 ipsa
1193 4155 1344 4207 non
1396 4129 1863 4229 procedunt3
1933 4129 2008 4209 &
2085 4128 2178 4210 fic
2231 4155 2384 4210 non

821 4231 986 4314 sunt
1032 4232 1120 4309 in
1172 4230 1386 4310 nobis
1436 4230 1677 4331 plures
1728 4228 1994 4310 animae
2027 4288 2045 4307 .

934 4334 1135 4411 Huic
1189 4349 1437 4410 autem
1468 4331 1818 4413 consonat
1868 4332 2067 4432 quod
2117 4329 2385 4417 dicitur

828 4433 914 4514 in
965 4433 1194 4512 Libro
1219 4436 1308 4512 de
1338 4432 1826 4514 ecclesiasticis
1865 4433 2381 4535 dogmatibus:

830 4544 1088 4635 Neque
1143 4535 1322 4615 duas
1374 4535 1663 4615 animas
1714 4533 1851 4633 effe
1889 4535 2249 4613 credimus
2305 4531 2386 4610 in

823 4663 968 4716 uno
1022 4638 1363 4732 homine,
1418 4634 1618 4737 sicut
1673 4639 2042 4743 jacobus,
2093 4634 2189 4714 o*
2246 4633 2389 4715 alii

828 4749 1176 4837 Syrorum
1214 4737 1600 4834 scribunt:
1653 4766 1879 4817 unam
1933 4735 2388 4837 animalem,

825 4866 973 4942 qua
1041 4839 1421 4919 animatur
1488 4856 1737 4937 corpus
1777 4893 1803 4931 ‚
1872 4840 1970 4917 (9*
2041 4837 2389 4922 immixta

810 4941 928 5055 [it
956 4939 1365 5070 sanguini:
1411 4939 1508 5036 Φ*
1546 4938 1864 5065 alteram
1873 4939 2392 5044 spiritualem,

2480 2706 2582 2785 est
2633 2706 3000 2809 separatus
3038 2762 3065 2803 ‚
3137 2706 3213 2784 8(
3265 2707 3652 2788 immixtus
3700 2714 4041 2813 corpori,

2480 2807 2555 2888 8(
2606 2807 2962 2912 simplex,
3011 2809 3089 2890 8(
3127 2808 3627 2910 impaffibilis3
3675 2837 3835 2912 quae
3889 2832 4044 2894 non

2476 2912 2764 3028 possent
2834 2910 2983 2993 dici
3052 2911 3143 2989 de
3216 2935 3311 2990 eo
3335 2964 3365 3010 ‚
3438 2910 3492 2989 si
3560 2914 3733 2993 esset
3803 2910 4041 2996 forma

2472 3038 2806 3116 corporis
2840 3070 2860 3090 .

2587 3144 2656 3192 2.
2714 3119 2907 3195 Item
2926 3172 2944 3192 .
2975 3116 3113 3193 Per
3141 3112 3832 3196 demonstrationem
3866 3118 4043 3216 ejus-

2476 3215 2693 3314 dem,
2744 3241 2890 3317 qua
2941 3220 3201 3318 probat
3229 3218 3448 3317 -quod
3520 3218 3696 3320 quia
3750 3218 4035 3301 intelle-

2477 3314 2638 3397 &us
2710 3317 3060 3419 poffibilis
3130 3320 3394 3420 recipit
3462 3345 3718 3400 omnes
3772 3320 4042 3423 species

2478 3441 2729 3498 rerum
2781 3418 3227 3500 sensibilium
3282 3437 3364 3501 ut
3414 3421 3493 3500 in
3563 3427 3899 3522 potentia
3950 3427 4043 3506 ad

2485 3544 2609 3600 eas
2662 3519 3020 3619 existens,
3071 3538 3373 3622 oportet
3424 3525 3628 3622 quod
3681 3527 4040 3606 omnibus

2480 3636 2778 3719 careat,
2829 3621 3014 3703 ficut
3066 3623 3350 3724 pupilla
3385 3647 3547 3723 quae
3594 3625 3861 3724 recipit
3880 3649 4044 3704 om-

2487 3748 2618 3804 nes
2670 3722 2952 3824 species
3003 3724 3394 3817 colorum,
3444 3740 3650 3802 caret
3686 3726 3894 3803 omni
3919 3751 4043 3805 co-

2485 3825 2642 3905 lore
2670 3852 2696 3893 ··
2742 3823 2795 3903 fi
2849 3823 3055 3905 enim
3108 3822 3417 3900 haberet
3469 3822 3560 3921 de
3613 3823 3684 3901 se
3704 3826 4041 3928 aliquem

2490 3926 2875 4019 colorem,
2927 3924 3060 4001 ille
3111 3924 3322 4000 color
3376 3921 3804 4022 prohiberet
3832 3927 4037 4015 vide·

2490 4031 2556 4104 ri
2608 4026 2798 4104 alios
2850 4024 3189 4119 colores,
3241 4023 3676 4122 quinimmo
3709 4028 4043 4109 nihilvi-

2484 4126 2786 4205 deretur
2838 4122 2970 4202 nisi
3022 4124 3151 4202 sub
3208 4123 3345 4203 illo
3400 4127 3690 4207 colore:
3745 4130 4040 4208 &simi-

2483 4228 2555 4306 le
2606 4225 3077 4327 contingeret
3128 4225 3220 4305 de
3274 4227 3661 4307 intellestu
3685 4231 4041 4330 possibili,

2490 4327 2541 4406 si
2598 4329 2909 4408 haberet
2960 4329 3053 4407 de
3104 4328 3174 4406 se
3226 4329 3557 4429 aliquam
3631 4330 3958 4412 formam
4012 4388 4043 4431 ‚

2488 4426 2613 4508 seu
2667 4447 3017 4510 naturam
3072 4428 3162 4509 de
3215 4431 3433 4511 rebus
3501 4432 3965 4515 sensibilibus
4017 4488 4038 4511 .

2492 4533 2667 4611 Hoc
2719 4546 2972 4612 autem
3027 4546 3404 4634 oporteret
3490 4537 3630 4614 effe
3669 4590 3695 4632 ‚
3764 4537 3818 4616 fi
3869 4539 4045 4617 esset

2490 4634 2770 4719 mixtus
2820 4635 3051 4713 alicui
3103 4633 3447 4734 corpori,
3499 4636 3573 4717 8(
3624 4635 4044 4719 similitersi

2491 4738 2665 4817 esset
2717 4734 2960 4816 forma
3013 4737 3330 4835 alicujus
3403 4736 3790 4838 corporis:
3861 4740 4043 4840 quia

2488 4863 2665 4919 cum
2719 4862 2810 4916 ex
2864 4841 3179 4920 materia
3231 4839 3307 4917 8(
3361 4836 3604 4919 forma
3623 4841 3753 4921 fiat
3775 4869 4038 4940 unum,

2488 4954 2789 5046 oportet
2839 4942 3043 5044 quod
3113 4939 3357 5024 forma
3425 4945 3826 5050 participet
3904 4945 4041 5124 alid

3854 5070 3988 5150 qul
