<?xml version="1.0" encoding="UTF-8"?>
<!DOCTYPE html PUBLIC "-//W3C//DTD XHTML 1.0 Transitional//EN"
    "http://www.w3.org/TR/xhtml1/DTD/xhtml1-transitional.dtd">
<html xmlns="http://www.w3.org/1999/xhtml" xml:lang="en" lang="en">
 <head>
  <title>
</title>
<meta http-equiv="Content-Type" content="text/html;charset=utf-8" />
  <meta name='ocr-system' content='tesseract 3.04.00' />
  <meta name='ocr-capabilities' content='ocr_page ocr_carea ocr_par ocr_line ocrx_word'/>
</head>
<body>
  <div class='ocr_page' id='page_1' title='image "./summacontragent00aqugoog_0311.png"; bbox 0 0 4597 5696; ppageno 0'>
   <div class='ocr_carea' id='block_1_1' title="bbox 1275 391 3207 470">
    <p class='ocr_par' dir='ltr' id='par_1_1' title="bbox 1275 391 3207 470">
     <span class='ocr_line' id='line_1_1' title="bbox 1275 391 3207 470; baseline 0.003 -13"><span class='ocrx_word' id='word_1_1' title='bbox 1275 392 1864 457; x_wconf 80' lang='lat' dir='ltr'>CONTRA</span> <span class='ocrx_word' id='word_1_2' title='bbox 1947 391 2687 465; x_wconf 76' lang='lat' dir='ltr'>GENTILES</span> <span class='ocrx_word' id='word_1_3' title='bbox 2774 402 3207 470; x_wconf 69' lang='lat' dir='ltr'>L113.‘tt;</span> 
     </span>
    </p>
   </div>
   <div class='ocr_carea' id='block_1_2' title="bbox 627 505 2205 1545">
    <p class='ocr_par' dir='ltr' id='par_1_2' title="bbox 627 505 2205 1545">
     <span class='ocr_line' id='line_1_2' title="bbox 634 505 2198 611; baseline -0.001 -25"><span class='ocrx_word' id='word_1_4' title='bbox 634 505 862 608; x_wconf 90' lang='lat' dir='ltr'>igitur</span> <span class='ocrx_word' id='word_1_5' title='bbox 912 533 1005 587; x_wconf 81' lang='lat' dir='ltr'>ex</span> <span class='ocrx_word' id='word_1_6' title='bbox 1056 507 1199 589; x_wconf 89' lang='lat' dir='ltr'>hoc</span> <span class='ocrx_word' id='word_1_7' title='bbox 1251 511 1448 611; x_wconf 93' lang='lat' dir='ltr'>quod</span> <span class='ocrx_word' id='word_1_8' title='bbox 1500 511 1752 587; x_wconf 87' lang='lat' dir='ltr'>anima</span> <span class='ocrx_word' id='word_1_9' title='bbox 1804 509 2025 589; x_wconf 86' lang='lat' dir='ltr'>habet</span> <span class='ocrx_word' id='word_1_10' title='bbox 2054 509 2198 587; x_wconf 88' lang='lat' dir='ltr'>vir-</span> 
     </span>
     <span class='ocr_line' id='line_1_3' title="bbox 632 611 2200 711; baseline -0.003 -20"><span class='ocrx_word' id='word_1_11' title='bbox 632 631 867 707; x_wconf 78' lang='lat' dir='ltr'>tutem</span> <span class='ocrx_word' id='word_1_12' title='bbox 922 628 1004 688; x_wconf 89' lang='lat' dir='ltr'>ut</span> <span class='ocrx_word' id='word_1_13' title='bbox 1059 611 1143 689; x_wconf 76' lang='lat' dir='ltr'>sit</span> <span class='ocrx_word' id='word_1_14' title='bbox 1173 612 1494 711; x_wconf 85' lang='lat' dir='ltr'>semper,</span> <span class='ocrx_word' id='word_1_15' title='bbox 1549 611 1778 711; x_wconf 87' lang='lat' dir='ltr'>potest</span> <span class='ocrx_word' id='word_1_16' title='bbox 1830 611 2200 707; x_wconf 90' lang='lat' dir='ltr'>concludi,</span> 
     </span>
     <span class='ocr_line' id='line_1_4' title="bbox 629 712 2205 814; baseline -0.001 -25"><span class='ocrx_word' id='word_1_17' title='bbox 629 713 833 813; x_wconf 91' lang='lat' dir='ltr'>quod</span> <span class='ocrx_word' id='word_1_18' title='bbox 885 714 1167 813; x_wconf 82' lang='lat' dir='ltr'>semper</span> <span class='ocrx_word' id='word_1_19' title='bbox 1202 712 1464 809; x_wconf 87' lang='lat' dir='ltr'>fuerit,</span> <span class='ocrx_word' id='word_1_20' title='bbox 1519 714 1637 792; x_wconf 89' lang='lat' dir='ltr'>sed</span> <span class='ocrx_word' id='word_1_21' title='bbox 1673 716 1871 814; x_wconf 89' lang='lat' dir='ltr'>quod</span> <span class='ocrx_word' id='word_1_22' title='bbox 1927 714 2205 811; x_wconf 84' lang='lat' dir='ltr'>semper</span> 
     </span>
     <span class='ocr_line' id='line_1_5' title="bbox 632 813 2204 914; baseline -0.001 -23"><span class='ocrx_word' id='word_1_23' title='bbox 632 815 777 892; x_wconf 85' lang='lat' dir='ltr'>erit</span> <span class='ocrx_word' id='word_1_24' title='bbox 805 872 823 892; x_wconf 90' lang='lat'><strong>.</strong></span> <span class='ocrx_word' id='word_1_25' title='bbox 879 818 1229 894; x_wconf 69' lang='lat' dir='ltr'>Praeterea</span> <span class='ocrx_word' id='word_1_26' title='bbox 1278 840 1370 894; x_wconf 87' lang='lat' dir='ltr'>ex</span> <span class='ocrx_word' id='word_1_27' title='bbox 1442 815 1722 894; x_wconf 83' lang='lat' dir='ltr'>virtute</span> <span class='ocrx_word' id='word_1_28' title='bbox 1767 841 1919 893; x_wconf 87' lang='lat' dir='ltr'>non</span> <span class='ocrx_word' id='word_1_29' title='bbox 1977 813 2204 914; x_wconf 88' lang='lat' dir='ltr'>sequi-</span> 
     </span>
     <span class='ocr_line' id='line_1_6' title="bbox 630 916 2200 1019; baseline 0.001 -25"><span class='ocrx_word' id='word_1_30' title='bbox 630 928 750 994; x_wconf 86' lang='lat' dir='ltr'>tur</span> <span class='ocrx_word' id='word_1_31' title='bbox 805 916 883 995; x_wconf 90' lang='lat' dir='ltr'>id</span> <span class='ocrx_word' id='word_1_32' title='bbox 934 919 1025 996; x_wconf 89' lang='lat' dir='ltr'>ad</span> <span class='ocrx_word' id='word_1_33' title='bbox 1076 919 1273 1019; x_wconf 89' lang='lat' dir='ltr'>quod</span> <span class='ocrx_word' id='word_1_34' title='bbox 1325 916 1423 996; x_wconf 88' lang='lat' dir='ltr'>est</span> <span class='ocrx_word' id='word_1_35' title='bbox 1497 918 1727 996; x_wconf 90' lang='lat' dir='ltr'>virtus</span> <span class='ocrx_word' id='word_1_36' title='bbox 1758 972 1784 1011; x_wconf 95' lang='lat'>,</span> <span class='ocrx_word' id='word_1_37' title='bbox 1840 916 1973 995; x_wconf 88' lang='lat' dir='ltr'>nifi</span> <span class='ocrx_word' id='word_1_38' title='bbox 2028 941 2200 1016; x_wconf 82' lang='lat' dir='ltr'>prae·</span> 
     </span>
     <span class='ocr_line' id='line_1_7' title="bbox 634 1016 2202 1118; baseline 0.001 -24"><span class='ocrx_word' id='word_1_39' title='bbox 634 1016 991 1118; x_wconf 81' lang='lat' dir='ltr'>supposita</span> <span class='ocrx_word' id='word_1_40' title='bbox 1083 1020 1356 1099; x_wconf 86' lang='lat' dir='ltr'>virtute</span> <span class='ocrx_word' id='word_1_41' title='bbox 1387 1077 1405 1097; x_wconf 90' lang='lat'><strong>.</strong></span> <span class='ocrx_word' id='word_1_42' title='bbox 1499 1018 1868 1118; x_wconf 83' lang='lat' dir='ltr'>Quamvis</span> <span class='ocrx_word' id='word_1_43' title='bbox 1971 1017 2202 1117; x_wconf 89' lang='lat' dir='ltr'>igitur</span> 
     </span>
     <span class='ocr_line' id='line_1_8' title="bbox 628 1119 2197 1220; baseline 0 -23"><span class='ocrx_word' id='word_1_44' title='bbox 628 1120 880 1198; x_wconf 75' lang='lat' dir='ltr'>anima</span> <span class='ocrx_word' id='word_1_45' title='bbox 936 1120 1200 1200; x_wconf 87' lang='lat' dir='ltr'>habeat</span> <span class='ocrx_word' id='word_1_46' title='bbox 1249 1123 1604 1201; x_wconf 81' lang='lat' dir='ltr'>virtutem</span> <span class='ocrx_word' id='word_1_47' title='bbox 1633 1136 1714 1200; x_wconf 89' lang='lat' dir='ltr'>ut</span> <span class='ocrx_word' id='word_1_48' title='bbox 1752 1120 1837 1200; x_wconf 77' lang='lat' dir='ltr'>sit</span> <span class='ocrx_word' id='word_1_49' title='bbox 1889 1119 2197 1220; x_wconf 87' lang='lat' dir='ltr'>semper,</span> 
     </span>
     <span class='ocr_line' id='line_1_9' title="bbox 627 1219 2195 1345; baseline -0.001 -45"><span class='ocrx_word' id='word_1_50' title='bbox 627 1248 781 1301; x_wconf 86' lang='lat' dir='ltr'>non</span> <span class='ocrx_word' id='word_1_51' title='bbox 835 1239 1081 1301; x_wconf 86' lang='lat' dir='ltr'>tamen</span> <span class='ocrx_word' id='word_1_52' title='bbox 1100 1219 1365 1345; x_wconf 42' lang='lat' dir='ltr'>,potest</span> <span class='ocrx_word' id='word_1_53' title='bbox 1388 1221 1730 1303; x_wconf 89' lang='lat' dir='ltr'>concludi</span> <span class='ocrx_word' id='word_1_54' title='bbox 1786 1223 1985 1323; x_wconf 90' lang='lat' dir='ltr'>quod</span> <span class='ocrx_word' id='word_1_55' title='bbox 2037 1222 2195 1300; x_wconf 89' lang='lat' dir='ltr'>ani·</span> 
     </span>
     <span class='ocr_line' id='line_1_10' title="bbox 628 1323 2199 1430; baseline 0.001 -29"><span class='ocrx_word' id='word_1_56' title='bbox 628 1348 754 1402; x_wconf 85' lang='lat' dir='ltr'>ma</span> <span class='ocrx_word' id='word_1_57' title='bbox 806 1323 892 1403; x_wconf 84' lang='lat' dir='ltr'>fit</span> <span class='ocrx_word' id='word_1_58' title='bbox 962 1324 1242 1427; x_wconf 82' lang='lat' dir='ltr'>semper</span> <span class='ocrx_word' id='word_1_59' title='bbox 1271 1381 1296 1421; x_wconf 91' lang='lat'>,</span> <span class='ocrx_word' id='word_1_60' title='bbox 1367 1325 1500 1404; x_wconf 83' lang='lat' dir='ltr'>nisi</span> <span class='ocrx_word' id='word_1_61' title='bbox 1573 1324 1955 1430; x_wconf 54' lang='lat' dir='ltr'>postquam</span> <span class='ocrx_word' id='word_1_62' title='bbox 2007 1324 2199 1403; x_wconf 84' lang='lat' dir='ltr'>hanc</span> 
     </span>
     <span class='ocr_line' id='line_1_11' title="bbox 627 1426 2198 1545; baseline 0 -40"><span class='ocrx_word' id='word_1_63' title='bbox 627 1426 984 1507; x_wconf 85' lang='lat' dir='ltr'>virtutem</span> <span class='ocrx_word' id='word_1_64' title='bbox 1039 1430 1321 1545; x_wconf 81' lang='lat' dir='ltr'>accepit</span> <span class='ocrx_word' id='word_1_65' title='bbox 1343 1485 1361 1505; x_wconf 91' lang='lat'><strong>.</strong></span> <span class='ocrx_word' id='word_1_66' title='bbox 1400 1427 1494 1508; x_wconf 80' lang='lat' dir='ltr'>-si</span> <span class='ocrx_word' id='word_1_67' title='bbox 1546 1445 1796 1507; x_wconf 79' lang='lat' dir='ltr'>autem</span> <span class='ocrx_word' id='word_1_68' title='bbox 1852 1426 2198 1521; x_wconf 81' lang='lat' dir='ltr'>sumatur,</span> 
     </span>
    </p>
   </div>
   <div class='ocr_carea' id='block_1_3' title="bbox 624 1529 2205 1837">
    <p class='ocr_par' dir='ltr' id='par_1_3' title="bbox 624 1529 2205 1837">
     <span class='ocr_line' id='line_1_12' title="bbox 624 1529 2205 1630; baseline 0.001 -23"><span class='ocrx_word' id='word_1_69' title='bbox 624 1530 824 1630; x_wconf 79' lang='lat' dir='ltr'>quod</span> <span class='ocrx_word' id='word_1_70' title='bbox 892 1529 1081 1610; x_wconf 74' lang='lat' dir='ltr'>hanc</span> <span class='ocrx_word' id='word_1_71' title='bbox 1151 1547 1505 1611; x_wconf 74' lang='lat' dir='ltr'>virtutem</span> <span class='ocrx_word' id='word_1_72' title='bbox 1582 1533 1676 1609; x_wconf 90' lang='lat' dir='ltr'>ab</span> <span class='ocrx_word' id='word_1_73' title='bbox 1743 1546 2018 1609; x_wconf 79' lang='lat' dir='ltr'>aeterno</span> <span class='ocrx_word' id='word_1_74' title='bbox 2087 1530 2205 1609; x_wconf 87' lang='lat' dir='ltr'>ha·</span> 
     </span>
     <span class='ocr_line' id='line_1_13' title="bbox 628 1630 2205 1736; baseline -0.001 -27"><span class='ocrx_word' id='word_1_75' title='bbox 628 1631 878 1720; x_wconf 84' lang='lat' dir='ltr'>buerit</span> <span class='ocrx_word' id='word_1_76' title='bbox 916 1684 944 1728; x_wconf 91' lang='lat'>,</span> <span class='ocrx_word' id='word_1_77' title='bbox 1016 1630 1160 1711; x_wconf 90' lang='lat' dir='ltr'>erit</span> <span class='ocrx_word' id='word_1_78' title='bbox 1207 1634 1526 1736; x_wconf 89' lang='lat' dir='ltr'>petitum</span> <span class='ocrx_word' id='word_1_79' title='bbox 1599 1633 1674 1711; x_wconf 92' lang='lat' dir='ltr'>id</span> <span class='ocrx_word' id='word_1_80' title='bbox 1742 1632 1941 1733; x_wconf 87' lang='lat' dir='ltr'>quod</span> <span class='ocrx_word' id='word_1_81' title='bbox 1994 1656 2205 1731; x_wconf 90' lang='lat' dir='ltr'>opor-</span> 
     </span>
     <span class='ocr_line' id='line_1_14' title="bbox 625 1730 2204 1837; baseline 0.003 -27"><span class='ocrx_word' id='word_1_82' title='bbox 625 1733 816 1813; x_wconf 82' lang='lat' dir='ltr'>tebit</span> <span class='ocrx_word' id='word_1_83' title='bbox 884 1733 1176 1835; x_wconf 88' lang='lat' dir='ltr'>probari</span> <span class='ocrx_word' id='word_1_84' title='bbox 1224 1792 1254 1836; x_wconf 90' lang='lat'>,</span> <span class='ocrx_word' id='word_1_85' title='bbox 1337 1734 1615 1816; x_wconf 87' lang='lat' dir='ltr'>scilicet</span> <span class='ocrx_word' id='word_1_86' title='bbox 1692 1733 1891 1837; x_wconf 89' lang='lat' dir='ltr'>quod</span> <span class='ocrx_word' id='word_1_87' title='bbox 1982 1730 2204 1814; x_wconf 90' lang='lat' dir='ltr'>fuerit</span> 
     </span>
    </p>
   </div>
   <div class='ocr_carea' id='block_1_4' title="bbox 624 1836 1210 1916">
    <p class='ocr_par' dir='ltr' id='par_1_4' title="bbox 624 1836 1210 1916">
     <span class='ocr_line' id='line_1_15' title="bbox 624 1836 1210 1916; baseline -0.002 -1"><span class='ocrx_word' id='word_1_88' title='bbox 624 1836 722 1915; x_wconf 71' lang='lat' dir='ltr'>ab</span> <span class='ocrx_word' id='word_1_89' title='bbox 772 1851 1047 1916; x_wconf 80' lang='lat' dir='ltr'>aeterno</span> <span class='ocrx_word' id='word_1_90' title='bbox 1078 1893 1098 1914; x_wconf 90' lang='lat'><strong>.</strong></span> <span class='ocrx_word' id='word_1_91' title='bbox 1204 1874 1210 1879; x_wconf 94' lang='lat'>·</span> 
     </span>
    </p>
   </div>
   <div class='ocr_carea' id='block_1_5' title="bbox 622 1937 2206 2144">
    <p class='ocr_par' dir='ltr' id='par_1_5' title="bbox 622 1937 2206 2144">
     <span class='ocr_line' id='line_1_16' title="bbox 726 1937 2206 2039; baseline 0 -21"><span class='ocrx_word' id='word_1_92' title='bbox 726 1938 958 2039; x_wconf 83' lang='lat' dir='ltr'>Quod</span> <span class='ocrx_word' id='word_1_93' title='bbox 1008 1962 1188 2019; x_wconf 76' lang='lat' dir='ltr'>vero</span> <span class='ocrx_word' id='word_1_94' title='bbox 1235 1938 1591 2019; x_wconf 83' lang='lat' dir='ltr'>obiicitur</span> <span class='ocrx_word' id='word_1_95' title='bbox 1636 1939 1731 2018; x_wconf 78' lang='lat' dir='ltr'>de</span> <span class='ocrx_word' id='word_1_96' title='bbox 1800 1937 2206 2018; x_wconf 70' lang='lat' dir='ltr'>aeternitate</span> 
     </span>
     <span class='ocr_line' id='line_1_17' title="bbox 622 2039 2203 2144; baseline 0.001 -26"><span class='ocrx_word' id='word_1_97' title='bbox 622 2039 998 2137; x_wconf 81' lang='lat' dir='ltr'>veritatis,</span> <span class='ocrx_word' id='word_1_98' title='bbox 1050 2064 1277 2142; x_wconf 84' lang='lat' dir='ltr'>quam</span> <span class='ocrx_word' id='word_1_99' title='bbox 1318 2042 1671 2144; x_wconf 83' lang='lat' dir='ltr'>intelligit</span> <span class='ocrx_word' id='word_1_100' title='bbox 1706 2041 1999 2136; x_wconf 82' lang='lat' dir='ltr'>anima,</span> <span class='ocrx_word' id='word_1_101' title='bbox 2035 2066 2203 2120; x_wconf 88' lang='lat' dir='ltr'>con·</span> 
     </span>
    </p>
   </div>
   <div class='ocr_carea' id='block_1_6' title="bbox 572 2139 2199 3455">
    <p class='ocr_par' dir='ltr' id='par_1_6' title="bbox 572 2139 2199 3455">
     <span class='ocr_line' id='line_1_18' title="bbox 625 2139 2197 2246; baseline 0.001 -28"><span class='ocrx_word' id='word_1_102' title='bbox 625 2139 931 2221; x_wconf 75' lang='lat' dir='ltr'>siderare</span> <span class='ocrx_word' id='word_1_103' title='bbox 979 2160 1272 2245; x_wconf 82' lang='lat' dir='ltr'>oportet</span> <span class='ocrx_word' id='word_1_104' title='bbox 1307 2199 1334 2241; x_wconf 96' lang='lat'>,</span> <span class='ocrx_word' id='word_1_105' title='bbox 1385 2146 1584 2246; x_wconf 85' lang='lat' dir='ltr'>quod</span> <span class='ocrx_word' id='word_1_106' title='bbox 1637 2142 2023 2222; x_wconf 62' lang='lat' dir='ltr'>intellefiiae</span> <span class='ocrx_word' id='word_1_107' title='bbox 2054 2166 2197 2221; x_wconf 69' lang='lat' dir='ltr'>¹ve-</span> 
     </span>
     <span class='ocr_line' id='line_1_19' title="bbox 623 2244 2199 2348; baseline 0.002 -28"><span class='ocrx_word' id='word_1_108' title='bbox 623 2244 863 2323; x_wconf 86' lang='lat' dir='ltr'>ritatis</span> <span class='ocrx_word' id='word_1_109' title='bbox 938 2246 1307 2326; x_wconf 73' lang='lat' dir='ltr'>aeternitas</span> <span class='ocrx_word' id='word_1_110' title='bbox 1377 2244 1608 2348; x_wconf 86' lang='lat' dir='ltr'>potest</span> <span class='ocrx_word' id='word_1_111' title='bbox 1644 2286 1650 2293; x_wconf 95' lang='lat'>·</span> <span class='ocrx_word' id='word_1_112' title='bbox 1680 2244 2001 2344; x_wconf 79' lang='lat' dir='ltr'>intelligi</span> <span class='ocrx_word' id='word_1_113' title='bbox 2070 2246 2199 2323; x_wconf 91' lang='lat' dir='ltr'>du·</span> 
     </span>
     <span class='ocr_line' id='line_1_20' title="bbox 572 2344 2199 2447; baseline 0.001 -25"><span class='ocrx_word' id='word_1_114' title='bbox 572 2378 590 2387; x_wconf 89' lang='lat'><strong>·</strong></span> <span class='ocrx_word' id='word_1_115' title='bbox 619 2347 975 2446; x_wconf 85' lang='lat' dir='ltr'>pliciter:</span> <span class='ocrx_word' id='word_1_116' title='bbox 1047 2372 1199 2431; x_wconf 87' lang='lat' dir='ltr'>uno</span> <span class='ocrx_word' id='word_1_117' title='bbox 1268 2349 1497 2430; x_wconf 83' lang='lat' dir='ltr'>modo</span> <span class='ocrx_word' id='word_1_118' title='bbox 1558 2366 1921 2447; x_wconf 87' lang='lat' dir='ltr'>quantum</span> <span class='ocrx_word' id='word_1_119' title='bbox 1973 2348 2065 2425; x_wconf 90' lang='lat' dir='ltr'>ad</span> <span class='ocrx_word' id='word_1_120' title='bbox 2119 2344 2199 2423; x_wconf 87' lang='lat' dir='ltr'>id</span> 
     </span>
     <span class='ocr_line' id='line_1_21' title="bbox 620 2448 2197 2549; baseline -0.001 -23"><span class='ocrx_word' id='word_1_121' title='bbox 620 2449 821 2547; x_wconf 87' lang='lat' dir='ltr'>quod</span> <span class='ocrx_word' id='word_1_122' title='bbox 871 2448 1352 2548; x_wconf 76' lang='lat' dir='ltr'>intelligitur3</span> <span class='ocrx_word' id='word_1_123' title='bbox 1406 2448 1558 2528; x_wconf 92' lang='lat' dir='ltr'>alio</span> <span class='ocrx_word' id='word_1_124' title='bbox 1580 2449 1807 2527; x_wconf 88' lang='lat' dir='ltr'>modo</span> <span class='ocrx_word' id='word_1_125' title='bbox 1831 2456 2197 2549; x_wconf 84' lang='lat' dir='ltr'>quantum</span> 
     </span>
     <span class='ocr_line' id='line_1_22' title="bbox 619 2549 2194 2651; baseline 0 -25"><span class='ocrx_word' id='word_1_126' title='bbox 619 2550 711 2627; x_wconf 78' lang='lat' dir='ltr'>ad</span> <span class='ocrx_word' id='word_1_127' title='bbox 771 2550 846 2629; x_wconf 93' lang='lat' dir='ltr'>id</span> <span class='ocrx_word' id='word_1_128' title='bbox 898 2576 1051 2651; x_wconf 85' lang='lat' dir='ltr'>quo</span> <span class='ocrx_word' id='word_1_129' title='bbox 1100 2551 1588 2651; x_wconf 80' lang='lat' dir='ltr'>intelligitur.</span> <span class='ocrx_word' id='word_1_130' title='bbox 1647 2554 1749 2629; x_wconf 82' lang='lat' dir='ltr'>Et</span> <span class='ocrx_word' id='word_1_131' title='bbox 1801 2551 1850 2628; x_wconf 77' lang='lat' dir='ltr'>si</span> <span class='ocrx_word' id='word_1_132' title='bbox 1887 2549 2194 2650; x_wconf 88' lang='lat' dir='ltr'>quidem</span> 
     </span>
     <span class='ocr_line' id='line_1_23' title="bbox 617 2650 2195 2749; baseline -0.001 -22"><span class='ocrx_word' id='word_1_133' title='bbox 617 2650 890 2729; x_wconf 76' lang='lat' dir='ltr'>veritas</span> <span class='ocrx_word' id='word_1_134' title='bbox 943 2651 1322 2730; x_wconf 62' lang='lat' dir='ltr'>intelleRa</span> <span class='ocrx_word' id='word_1_135' title='bbox 1376 2652 1461 2729; x_wconf 85' lang='lat' dir='ltr'>fit</span> <span class='ocrx_word' id='word_1_136' title='bbox 1511 2669 1781 2729; x_wconf 75' lang='lat' dir='ltr'>aetema</span> <span class='ocrx_word' id='word_1_137' title='bbox 1831 2668 2195 2749; x_wconf 83' lang='lat' dir='ltr'>quantum</span> 
     </span>
     <span class='ocr_line' id='line_1_24' title="bbox 624 2749 2196 2856; baseline -0.001 -29"><span class='ocrx_word' id='word_1_138' title='bbox 624 2753 714 2829; x_wconf 86' lang='lat' dir='ltr'>ad</span> <span class='ocrx_word' id='word_1_139' title='bbox 769 2750 845 2829; x_wconf 89' lang='lat' dir='ltr'>id</span> <span class='ocrx_word' id='word_1_140' title='bbox 896 2752 1095 2852; x_wconf 88' lang='lat' dir='ltr'>quod</span> <span class='ocrx_word' id='word_1_141' title='bbox 1147 2749 1590 2856; x_wconf 81' lang='lat' dir='ltr'>intelligitur</span> <span class='ocrx_word' id='word_1_142' title='bbox 1629 2804 1656 2844; x_wconf 93' lang='lat'>‚</span> <span class='ocrx_word' id='word_1_143' title='bbox 1725 2750 2059 2848; x_wconf 88' lang='lat' dir='ltr'>sequetur</span> <span class='ocrx_word' id='word_1_144' title='bbox 2108 2772 2196 2826; x_wconf 82' lang='lat' dir='ltr'>ae-</span> 
     </span>
     <span class='ocr_line' id='line_1_25' title="bbox 622 2850 2196 2954; baseline -0.002 -23"><span class='ocrx_word' id='word_1_145' title='bbox 622 2853 920 2932; x_wconf 86' lang='lat' dir='ltr'>ternitas</span> <span class='ocrx_word' id='word_1_146' title='bbox 1013 2853 1120 2930; x_wconf 86' lang='lat' dir='ltr'>rei</span> <span class='ocrx_word' id='word_1_147' title='bbox 1186 2876 1361 2954; x_wconf 72' lang='lat' dir='ltr'>quae</span> <span class='ocrx_word' id='word_1_148' title='bbox 1454 2850 1956 2951; x_wconf 86' lang='lat' dir='ltr'>intelligitur,</span> <span class='ocrx_word' id='word_1_149' title='bbox 2042 2874 2196 2928; x_wconf 88' lang='lat' dir='ltr'>non</span> 
     </span>
     <span class='ocr_line' id='line_1_26' title="bbox 622 2951 2195 3056; baseline 0.001 -26"><span class='ocrx_word' id='word_1_150' title='bbox 622 2974 875 3046; x_wconf 79' lang='lat' dir='ltr'>autem</span> <span class='ocrx_word' id='word_1_151' title='bbox 930 2952 1411 3056; x_wconf 86' lang='lat' dir='ltr'>intelligentis</span> <span class='ocrx_word' id='word_1_152' title='bbox 1442 3012 1460 3032; x_wconf 91' lang='lat'><strong>.</strong></span> <span class='ocrx_word' id='word_1_153' title='bbox 1515 2953 1592 3034; x_wconf 90' lang='lat' dir='ltr'>Si</span> <span class='ocrx_word' id='word_1_154' title='bbox 1624 2971 1869 3032; x_wconf 84' lang='lat' dir='ltr'>autem</span> <span class='ocrx_word' id='word_1_155' title='bbox 1923 2951 2195 3033; x_wconf 84' lang='lat' dir='ltr'>veritas</span> 
     </span>
     <span class='ocr_line' id='line_1_27' title="bbox 623 3052 2194 3158; baseline 0 -24"><span class='ocrx_word' id='word_1_156' title='bbox 623 3052 1000 3136; x_wconf 61' lang='lat' dir='ltr'>intelleffla</span> <span class='ocrx_word' id='word_1_157' title='bbox 1080 3055 1168 3137; x_wconf 81' lang='lat' dir='ltr'>fit</span> <span class='ocrx_word' id='word_1_158' title='bbox 1216 3073 1484 3138; x_wconf 78' lang='lat' dir='ltr'>aetema</span> <span class='ocrx_word' id='word_1_159' title='bbox 1559 3073 1922 3158; x_wconf 78' lang='lat' dir='ltr'>quantum</span> <span class='ocrx_word' id='word_1_160' title='bbox 1975 3055 2068 3135; x_wconf 89' lang='lat' dir='ltr'>ad</span> <span class='ocrx_word' id='word_1_161' title='bbox 2118 3053 2194 3134; x_wconf 82' lang='lat' dir='ltr'>id</span> 
     </span>
     <span class='ocr_line' id='line_1_28' title="bbox 619 3156 2191 3261; baseline 0.001 -26"><span class='ocrx_word' id='word_1_162' title='bbox 619 3182 771 3258; x_wconf 88' lang='lat' dir='ltr'>quo</span> <span class='ocrx_word' id='word_1_163' title='bbox 824 3156 1267 3258; x_wconf 84' lang='lat' dir='ltr'>intelligitur</span> <span class='ocrx_word' id='word_1_164' title='bbox 1297 3187 1331 3261; x_wconf 72' lang='lat'>5</span> <span class='ocrx_word' id='word_1_165' title='bbox 1382 3159 1720 3259; x_wconf 87' lang='lat' dir='ltr'>sequetur</span> <span class='ocrx_word' id='word_1_166' title='bbox 1771 3157 2191 3259; x_wconf 83' lang='lat' dir='ltr'>intelligen-</span> 
     </span>
     <span class='ocr_line' id='line_1_29' title="bbox 622 3258 2189 3340; baseline 0.001 -4"><span class='ocrx_word' id='word_1_167' title='bbox 622 3278 777 3337; x_wconf 83' lang='lat' dir='ltr'>tem</span> <span class='ocrx_word' id='word_1_168' title='bbox 832 3258 1162 3338; x_wconf 79' lang='lat' dir='ltr'>animam</span> <span class='ocrx_word' id='word_1_169' title='bbox 1181 3259 1319 3340; x_wconf 77' lang='lat' dir='ltr'>esse</span> <span class='ocrx_word' id='word_1_170' title='bbox 1347 3276 1737 3340; x_wconf 81' lang='lat' dir='ltr'>aeternam.</span> <span class='ocrx_word' id='word_1_171' title='bbox 1792 3260 2189 3340; x_wconf 78' lang='lat' dir='ltr'>Sicautem</span> 
     </span>
     <span class='ocr_line' id='line_1_30' title="bbox 623 3359 2189 3455; baseline 0.001 -18"><span class='ocrx_word' id='word_1_172' title='bbox 623 3360 897 3439; x_wconf 83' lang='lat' dir='ltr'>veritas</span> <span class='ocrx_word' id='word_1_173' title='bbox 949 3359 1321 3442; x_wconf 60' lang='lat' dir='ltr'>intellessa</span> <span class='ocrx_word' id='word_1_174' title='bbox 1373 3387 1527 3440; x_wconf 86' lang='lat' dir='ltr'>non</span> <span class='ocrx_word' id='word_1_175' title='bbox 1555 3361 1674 3440; x_wconf 79' lang='lat' dir='ltr'>est</span> <span class='ocrx_word' id='word_1_176' title='bbox 1726 3380 2036 3455; x_wconf 70' lang='lat' dir='ltr'>aeterna,</span> <span class='ocrx_word' id='word_1_177' title='bbox 2068 3361 2189 3439; x_wconf 84' lang='lat' dir='ltr'>sed</span> 
     </span>
    </p>
   </div>
   <div class='ocr_carea' id='block_1_7' title="bbox 2280 416 3975 4358">
    <p class='ocr_par' dir='ltr' id='par_1_7' title="bbox 2300 416 3886 1316">
     <span class='ocr_line' id='line_1_31' title="bbox 3753 416 3883 481; baseline 0 -46"><span class='ocrx_word' id='word_1_178' title='bbox 3753 416 3883 481; x_wconf 53' lang='grc' dir='ltr'>,π</span> 
     </span>
     <span class='ocr_line' id='line_1_32' title="bbox 2304 502 3880 606; baseline 0.004 -22"><span class='ocrx_word' id='word_1_179' title='bbox 2304 509 2682 606; x_wconf 78' lang='lat' dir='ltr'>possumus</span> <span class='ocrx_word' id='word_1_180' title='bbox 2732 506 2825 583; x_wconf 89' lang='lat' dir='ltr'>de</span> <span class='ocrx_word' id='word_1_181' title='bbox 2866 502 2984 584; x_wconf 77' lang='lat' dir='ltr'>rei</span> <span class='ocrx_word' id='word_1_182' title='bbox 3040 502 3484 600; x_wconf 83' lang='lat' dir='ltr'>duratione,</span> <span class='ocrx_word' id='word_1_183' title='bbox 3526 502 3744 587; x_wconf 67' lang='lat' dir='ltr'>›sicut</span> <span class='ocrx_word' id='word_1_184' title='bbox 3803 512 3880 590; x_wconf 77' lang='grc' dir='ltr'>δε</span> 
     </span>
     <span class='ocr_line' id='line_1_33' title="bbox 2303 608 3879 707; baseline 0.002 -23"><span class='ocrx_word' id='word_1_185' title='bbox 2303 611 2393 685; x_wconf 88' lang='lat' dir='ltr'>de</span> <span class='ocrx_word' id='word_1_186' title='bbox 2467 610 2688 687; x_wconf 89' lang='lat' dir='ltr'>initio</span> <span class='ocrx_word' id='word_1_187' title='bbox 2756 608 2864 687; x_wconf 42' lang='lat' dir='ltr'>*rei</span> <span class='ocrx_word' id='word_1_188' title='bbox 2941 609 3442 706; x_wconf 82' lang='lat' dir='ltr'>argumentari</span> <span class='ocrx_word' id='word_1_189' title='bbox 3503 612 3879 707; x_wconf 71' lang='lat' dir='ltr'>possumus</span> 
     </span>
     <span class='ocr_line' id='line_1_34' title="bbox 2311 710 3883 810; baseline -0.001 -20"><span class='ocrx_word' id='word_1_190' title='bbox 2311 735 2442 810; x_wconf 89' lang='lat' dir='ltr'>per</span> <span class='ocrx_word' id='word_1_191' title='bbox 2491 710 2785 789; x_wconf 85' lang='lat' dir='ltr'>causam</span> <span class='ocrx_word' id='word_1_192' title='bbox 2823 729 3207 808; x_wconf 84' lang='lat' dir='ltr'>agentem:</span> <span class='ocrx_word' id='word_1_193' title='bbox 3266 712 3465 808; x_wconf 90' lang='lat' dir='ltr'>quod</span> <span class='ocrx_word' id='word_1_194' title='bbox 3520 713 3722 788; x_wconf 88' lang='lat' dir='ltr'>enim</span> <span class='ocrx_word' id='word_1_195' title='bbox 3781 712 3883 790; x_wconf 86' lang='lat' dir='ltr'>est</span> 
     </span>
     <span class='ocr_line' id='line_1_35' title="bbox 2308 809 3884 921; baseline 0 -30"><span class='ocrx_word' id='word_1_196' title='bbox 2308 813 2736 891; x_wconf 88' lang='lat' dir='ltr'>ordinatum</span> <span class='ocrx_word' id='word_1_197' title='bbox 2823 811 2914 892; x_wconf 85' lang='lat' dir='ltr'>ad</span> <span class='ocrx_word' id='word_1_198' title='bbox 2984 809 3212 890; x_wconf 89' lang='lat' dir='ltr'>finem</span> <span class='ocrx_word' id='word_1_199' title='bbox 3285 812 3815 921; x_wconf 81' lang='lat' dir='ltr'>sempiternum</span> <span class='ocrx_word' id='word_1_200' title='bbox 3855 868 3884 906; x_wconf 91' lang='lat'>,</span> 
     </span>
     <span class='ocr_line' id='line_1_36' title="bbox 2305 915 3886 1015; baseline -0.001 -20"><span class='ocrx_word' id='word_1_201' title='bbox 2305 933 2597 1015; x_wconf 89' lang='lat' dir='ltr'>oportet</span> <span class='ocrx_word' id='word_1_202' title='bbox 2650 915 2788 993; x_wconf 83' lang='lat' dir='ltr'>effe</span> <span class='ocrx_word' id='word_1_203' title='bbox 2836 937 3066 1013; x_wconf 81' lang='lat' dir='ltr'>capax</span> <span class='ocrx_word' id='word_1_204' title='bbox 3116 934 3486 1015; x_wconf 83' lang='lat' dir='ltr'>perpetuae</span> <span class='ocrx_word' id='word_1_205' title='bbox 3559 915 3886 1001; x_wconf 82' lang='lat' dir='ltr'>duratio-</span> 
     </span>
     <span class='ocr_line' id='line_1_37' title="bbox 2304 1013 3883 1115; baseline -0.001 -20"><span class='ocrx_word' id='word_1_206' title='bbox 2304 1017 2472 1096; x_wconf 86' lang='lat' dir='ltr'>nis:</span> <span class='ocrx_word' id='word_1_207' title='bbox 2532 1019 2724 1095; x_wconf 88' lang='lat' dir='ltr'>unde</span> <span class='ocrx_word' id='word_1_208' title='bbox 2782 1013 3012 1115; x_wconf 90' lang='lat' dir='ltr'>potest</span> <span class='ocrx_word' id='word_1_209' title='bbox 3086 1018 3380 1113; x_wconf 86' lang='lat' dir='ltr'>probari</span> <span class='ocrx_word' id='word_1_210' title='bbox 3440 1044 3531 1097; x_wconf 86' lang='lat' dir='ltr'>ex</span> <span class='ocrx_word' id='word_1_211' title='bbox 3588 1017 3883 1096; x_wconf 81' lang='lat' dir='ltr'>aeterni-</span> 
     </span>
     <span class='ocr_line' id='line_1_38' title="bbox 2304 1117 3884 1216; baseline 0.001 -20"><span class='ocrx_word' id='word_1_212' title='bbox 2304 1137 2456 1198; x_wconf 87' lang='lat' dir='ltr'>tate</span> <span class='ocrx_word' id='word_1_213' title='bbox 2507 1119 2844 1199; x_wconf 87' lang='lat' dir='ltr'>veritatis</span> <span class='ocrx_word' id='word_1_214' title='bbox 2916 1117 3422 1216; x_wconf 85' lang='lat' dir='ltr'>intelligibilis</span> <span class='ocrx_word' id='word_1_215' title='bbox 3463 1121 3884 1199; x_wconf 85' lang='lat' dir='ltr'>immorta-</span> 
     </span>
     <span class='ocr_line' id='line_1_39' title="bbox 2300 1220 3880 1316; baseline -0.001 -16"><span class='ocrx_word' id='word_1_216' title='bbox 2300 1222 2473 1301; x_wconf 83' lang='lat' dir='ltr'>litas</span> <span class='ocrx_word' id='word_1_217' title='bbox 2503 1221 2768 1302; x_wconf 84' lang='lat' dir='ltr'>animae</span> <span class='ocrx_word' id='word_1_218' title='bbox 2789 1277 2815 1316; x_wconf 95' lang='lat'>,</span> <span class='ocrx_word' id='word_1_219' title='bbox 2841 1247 2995 1300; x_wconf 88' lang='lat' dir='ltr'>non</span> <span class='ocrx_word' id='word_1_220' title='bbox 3021 1238 3273 1300; x_wconf 87' lang='lat' dir='ltr'>autem</span> <span class='ocrx_word' id='word_1_221' title='bbox 3300 1220 3452 1314; x_wconf 79' lang='lat' dir='ltr'>eius</span> <span class='ocrx_word' id='word_1_222' title='bbox 3473 1222 3837 1302; x_wconf 74' lang='lat' dir='ltr'>aeternitas</span> <span class='ocrx_word' id='word_1_223' title='bbox 3860 1278 3880 1298; x_wconf 92' lang='lat'><strong>.</strong></span> 
     </span>
    </p>

    <p class='ocr_par' dir='ltr' id='par_1_8' title="bbox 2306 1322 3898 1836">
     <span class='ocr_line' id='line_1_40' title="bbox 2408 1322 3882 1424; baseline 0.002 -22"><span class='ocrx_word' id='word_1_224' title='bbox 2408 1325 2637 1424; x_wconf 79' lang='lat' dir='ltr'>Quod</span> <span class='ocrx_word' id='word_1_225' title='bbox 2688 1348 2869 1402; x_wconf 92' lang='lat' dir='ltr'>vero</span> <span class='ocrx_word' id='word_1_226' title='bbox 2938 1349 3091 1402; x_wconf 87' lang='lat' dir='ltr'>non</span> <span class='ocrx_word' id='word_1_227' title='bbox 3173 1322 3386 1422; x_wconf 84' lang='lat' dir='ltr'>poffit</span> <span class='ocrx_word' id='word_1_228' title='bbox 3441 1324 3732 1423; x_wconf 74' lang='lat' dir='ltr'>ptobari</span> <span class='ocrx_word' id='word_1_229' title='bbox 3787 1349 3882 1405; x_wconf 85' lang='lat' dir='ltr'>ex</span> 
     </span>
     <span class='ocr_line' id='line_1_41' title="bbox 2306 1425 3876 1525; baseline -0.001 -19"><span class='ocrx_word' id='word_1_230' title='bbox 2306 1426 2714 1506; x_wconf 70' lang='lat' dir='ltr'>aeternitate</span> <span class='ocrx_word' id='word_1_231' title='bbox 2766 1426 3054 1525; x_wconf 85' lang='lat' dir='ltr'>agentis</span> <span class='ocrx_word' id='word_1_232' title='bbox 3084 1482 3110 1521; x_wconf 89' lang='lat'>,</span> <span class='ocrx_word' id='word_1_233' title='bbox 3165 1443 3368 1525; x_wconf 86' lang='lat' dir='ltr'>patet</span> <span class='ocrx_word' id='word_1_234' title='bbox 3393 1451 3483 1504; x_wconf 88' lang='lat' dir='ltr'>ex</span> <span class='ocrx_word' id='word_1_235' title='bbox 3543 1425 3662 1504; x_wconf 89' lang='lat' dir='ltr'>his</span> <span class='ocrx_word' id='word_1_236' title='bbox 3692 1450 3876 1525; x_wconf 78' lang='lat' dir='ltr'>.quae</span> 
     </span>
     <span class='ocr_line' id='line_1_42' title="bbox 2309 1526 3882 1631; baseline 0 -26"><span class='ocrx_word' id='word_1_237' title='bbox 2309 1528 2521 1631; x_wconf 87' lang='lat' dir='ltr'>supra</span> <span class='ocrx_word' id='word_1_238' title='bbox 2592 1531 2620 1627; x_wconf 92' lang='lat'>(</span> <span class='ocrx_word' id='word_1_239' title='bbox 2673 1554 2830 1629; x_wconf 87' lang='lat' dir='ltr'>cap.</span> <span class='ocrx_word' id='word_1_240' title='bbox 2912 1553 3133 1608; x_wconf 78' lang='lat' dir='ltr'><strong>xxxx.</strong></span> <span class='ocrx_word' id='word_1_241' title='bbox 3203 1528 3279 1607; x_wconf 87' lang='lat'>&amp;</span> <span class='ocrx_word' id='word_1_242' title='bbox 3354 1527 3546 1608; x_wconf 85' lang='lat' dir='ltr'>infra</span> <span class='ocrx_word' id='word_1_243' title='bbox 3601 1530 3628 1626; x_wconf 95' lang='lat'><em>)</em></span> <span class='ocrx_word' id='word_1_244' title='bbox 3679 1526 3882 1606; x_wconf 63' lang='lat' dir='ltr'>dicia</span> 
     </span>
     <span class='ocr_line' id='line_1_43' title="bbox 2309 1628 3879 1727; baseline 0.001 -18"><span class='ocrx_word' id='word_1_245' title='bbox 2309 1630 2518 1727; x_wconf 88' lang='lat' dir='ltr'>sunt,</span> <span class='ocrx_word' id='word_1_246' title='bbox 2566 1656 2740 1710; x_wconf 87' lang='lat' dir='ltr'>cum</span> <span class='ocrx_word' id='word_1_247' title='bbox 2785 1631 2874 1711; x_wconf 83' lang='lat' dir='ltr'>de</span> <span class='ocrx_word' id='word_1_248' title='bbox 2912 1628 3319 1711; x_wconf 73' lang='lat' dir='ltr'>aeternitate</span> <span class='ocrx_word' id='word_1_249' title='bbox 3368 1650 3879 1712; x_wconf 77' lang='lat' dir='ltr'>creaturarum</span> 
     </span>
     <span class='ocr_line' id='line_1_44' title="bbox 2309 1752 3898 1836; baseline -0.006 -23"><span class='ocrx_word' id='word_1_250' title='bbox 2309 1752 2803 1836; x_wconf 70' lang='lat' dir='ltr'>quareretur.</span> <span class='ocrx_word' id='word_1_251' title='bbox 3894 1770 3898 1774; x_wconf 78' lang='lat'><strong>.</strong></span> 
     </span>
    </p>

    <p class='ocr_par' dir='ltr' id='par_1_9' title="bbox 2280 1832 3975 4358">
     <span class='ocr_line' id='line_1_45' title="bbox 2413 1832 3884 1935; baseline 0.001 -25"><span class='ocrx_word' id='word_1_252' title='bbox 2413 1837 2643 1935; x_wconf 87' lang='lat' dir='ltr'>Quod</span> <span class='ocrx_word' id='word_1_253' title='bbox 2713 1835 2941 1915; x_wconf 85' lang='lat' dir='ltr'>etiam</span> <span class='ocrx_word' id='word_1_254' title='bbox 3028 1834 3265 1914; x_wconf 83' lang='lat' dir='ltr'>tertio.</span> <span class='ocrx_word' id='word_1_255' title='bbox 3341 1832 3699 1913; x_wconf 85' lang='lat' dir='ltr'>obiicitur</span> <span class='ocrx_word' id='word_1_256' title='bbox 3787 1833 3884 1912; x_wconf 76' lang='lat' dir='ltr'>de</span> 
     </span>
     <span class='ocr_line' id='line_1_46' title="bbox 2309 1934 3883 2038; baseline 0.003 -23"><span class='ocrx_word' id='word_1_257' title='bbox 2309 1935 2755 2038; x_wconf 64' lang='lat' dir='ltr'>perfefiione</span> <span class='ocrx_word' id='word_1_258' title='bbox 2783 1934 3142 2032; x_wconf 85' lang='lat' dir='ltr'>universi,</span> <span class='ocrx_word' id='word_1_259' title='bbox 3196 1938 3684 2015; x_wconf 79' lang='lat' dir='ltr'>necestitatem</span> <span class='ocrx_word' id='word_1_260' title='bbox 3725 1959 3883 2020; x_wconf 79' lang='lat' dir='ltr'>non</span> 
     </span>
     <span class='ocr_line' id='line_1_47' title="bbox 2311 2036 3882 2139; baseline -0.001 -22"><span class='ocrx_word' id='word_1_261' title='bbox 2311 2040 2587 2117; x_wconf 89' lang='lat' dir='ltr'>habet.</span> <span class='ocrx_word' id='word_1_262' title='bbox 2664 2038 3030 2120; x_wconf 85' lang='lat' dir='ltr'>Universi·</span> <span class='ocrx_word' id='word_1_263' title='bbox 3083 2038 3288 2116; x_wconf 89' lang='lat' dir='ltr'>enim</span> <span class='ocrx_word' id='word_1_264' title='bbox 3365 2036 3882 2139; x_wconf 68' lang='lat' dir='ltr'>perfeRioat-</span> 
     </span>
     <span class='ocr_line' id='line_1_48' title="bbox 2305 2139 3879 2244; baseline -0.002 -25"><span class='ocrx_word' id='word_1_265' title='bbox 2305 2141 2632 2221; x_wconf 90' lang='lat' dir='ltr'>tenditur</span> <span class='ocrx_word' id='word_1_266' title='bbox 2697 2160 3062 2244; x_wconf 84' lang='lat' dir='ltr'>quantum</span> <span class='ocrx_word' id='word_1_267' title='bbox 3140 2140 3232 2217; x_wconf 89' lang='lat' dir='ltr'>ad</span> <span class='ocrx_word' id='word_1_268' title='bbox 3302 2139 3577 2241; x_wconf 69' lang='lat' dir='ltr'>speeies</span> <span class='ocrx_word' id='word_1_269' title='bbox 3622 2195 3649 2235; x_wconf 94' lang='lat'>,</span> <span class='ocrx_word' id='word_1_270' title='bbox 3714 2163 3879 2217; x_wconf 85' lang='lat' dir='ltr'>non</span> 
     </span>
     <span class='ocr_line' id='line_1_49' title="bbox 2300 2240 3881 2343; baseline -0.003 -22"><span class='ocrx_word' id='word_1_271' title='bbox 2300 2261 2664 2343; x_wconf 89' lang='lat' dir='ltr'>quantum</span> <span class='ocrx_word' id='word_1_272' title='bbox 2732 2244 2824 2321; x_wconf 89' lang='lat' dir='ltr'>ad</span> <span class='ocrx_word' id='word_1_273' title='bbox 2876 2241 3328 2329; x_wconf 73' lang='lat' dir='ltr'>individua3</span> <span class='ocrx_word' id='word_1_274' title='bbox 3395 2267 3570 2320; x_wconf 89' lang='lat' dir='ltr'>cum</span> <span class='ocrx_word' id='word_1_275' title='bbox 3641 2240 3881 2320; x_wconf 86' lang='lat' dir='ltr'>conti-</span> 
     </span>
     <span class='ocr_line' id='line_1_50' title="bbox 2301 2342 3880 2443; baseline 0 -22"><span class='ocrx_word' id='word_1_276' title='bbox 2301 2370 2448 2422; x_wconf 90' lang='lat' dir='ltr'>nue</span> <span class='ocrx_word' id='word_1_277' title='bbox 2519 2342 2856 2424; x_wconf 85' lang='lat' dir='ltr'>universo</span> <span class='ocrx_word' id='word_1_278' title='bbox 2924 2344 3247 2443; x_wconf 84' lang='lat' dir='ltr'>plurima</span> <span class='ocrx_word' id='word_1_279' title='bbox 3320 2342 3880 2423; x_wconf 68' lang='lat' dir='ltr'>individuaad·</span> 
     </span>
     <span class='ocr_line' id='line_1_51' title="bbox 2298 2444 3875 2546; baseline -0.003 -22"><span class='ocrx_word' id='word_1_280' title='bbox 2298 2446 2565 2525; x_wconf 82' lang='lat' dir='ltr'>dantur</span> <span class='ocrx_word' id='word_1_281' title='bbox 2659 2445 3272 2546; x_wconf 83' lang='lat' dir='ltr'>praeexistentium</span> <span class='ocrx_word' id='word_1_282' title='bbox 3383 2444 3798 2544; x_wconf 86' lang='lat' dir='ltr'>specierum</span> <span class='ocrx_word' id='word_1_283' title='bbox 3852 2498 3875 2519; x_wconf 89' lang='lat'><strong>.</strong></span> 
     </span>
     <span class='ocr_line' id='line_1_52' title="bbox 2303 2541 3874 2627; baseline -0.003 0"><span class='ocrx_word' id='word_1_284' title='bbox 2303 2549 2597 2627; x_wconf 83' lang='lat' dir='ltr'>Animae</span> <span class='ocrx_word' id='word_1_285' title='bbox 2650 2568 2903 2626; x_wconf 87' lang='lat' dir='ltr'>autem</span> <span class='ocrx_word' id='word_1_286' title='bbox 2960 2550 3305 2627; x_wconf 80' lang='lat' dir='ltr'>humanae</span> <span class='ocrx_word' id='word_1_287' title='bbox 3345 2570 3496 2625; x_wconf 90' lang='lat' dir='ltr'>non</span> <span class='ocrx_word' id='word_1_288' title='bbox 3548 2547 3713 2623; x_wconf 90' lang='lat' dir='ltr'>sunt</span> <span class='ocrx_word' id='word_1_289' title='bbox 3765 2541 3874 2625; x_wconf 87' lang='lat' dir='ltr'>di-</span> 
     </span>
     <span class='ocr_line' id='line_1_53' title="bbox 2295 2645 3872 2749; baseline -0.001 -24"><span class='ocrx_word' id='word_1_290' title='bbox 2295 2648 2515 2725; x_wconf 84' lang='lat' dir='ltr'>versae</span> <span class='ocrx_word' id='word_1_291' title='bbox 2569 2648 2966 2726; x_wconf 82' lang='lat' dir='ltr'>secundum</span> <span class='ocrx_word' id='word_1_292' title='bbox 3023 2647 3338 2749; x_wconf 80' lang='lat' dir='ltr'>speciem</span> <span class='ocrx_word' id='word_1_293' title='bbox 3376 2702 3403 2743; x_wconf 93' lang='lat'>,</span> <span class='ocrx_word' id='word_1_294' title='bbox 3453 2646 3572 2723; x_wconf 90' lang='lat' dir='ltr'>sed</span> <span class='ocrx_word' id='word_1_295' title='bbox 3623 2645 3872 2724; x_wconf 83' lang='lat' dir='ltr'>solnm</span> 
     </span>
     <span class='ocr_line' id='line_1_54' title="bbox 2296 2748 3941 2850; baseline -0.001 -26"><span class='ocrx_word' id='word_1_296' title='bbox 2296 2771 2657 2843; x_wconf 86' lang='lat' dir='ltr'>numero,</span> <span class='ocrx_word' id='word_1_297' title='bbox 2695 2765 2778 2825; x_wconf 90' lang='lat' dir='ltr'>ut</span> <span class='ocrx_word' id='word_1_298' title='bbox 2807 2750 3204 2850; x_wconf 84' lang='lat' dir='ltr'>probatum</span> <span class='ocrx_word' id='word_1_299' title='bbox 3240 2749 3335 2828; x_wconf 85' lang='lat' dir='ltr'>est</span> <span class='ocrx_word' id='word_1_300' title='bbox 3393 2754 3599 2848; x_wconf 81' lang='lat' dir='ltr'>(cap.</span> <span class='ocrx_word' id='word_1_301' title='bbox 3620 2748 3875 2843; x_wconf 73' lang='lat' dir='ltr'>lxxv.)</span> <span class='ocrx_word' id='word_1_302' title='bbox 3913 2802 3941 2824; x_wconf 26' lang='grc' dir='ltr'><strong>ἦ</strong></span> 
     </span>
     <span class='ocr_line' id='line_1_55' title="bbox 2300 2848 3939 2953; baseline -0.002 -22"><span class='ocrx_word' id='word_1_303' title='bbox 2300 2850 2525 2931; x_wconf 86' lang='lat' dir='ltr'>Unde</span> <span class='ocrx_word' id='word_1_304' title='bbox 2575 2875 2729 2928; x_wconf 90' lang='lat' dir='ltr'>non</span> <span class='ocrx_word' id='word_1_305' title='bbox 2801 2872 3164 2953; x_wconf 78' lang='lat' dir='ltr'>nepugnat</span> <span class='ocrx_word' id='word_1_306' title='bbox 3217 2850 3654 2953; x_wconf 74' lang='lat' dir='ltr'>perfeffloni</span> <span class='ocrx_word' id='word_1_307' title='bbox 3709 2848 3939 2928; x_wconf 51' lang='lat' dir='ltr'>unia*</span> 
     </span>
     <span class='ocr_line' id='line_1_56' title="bbox 2300 2949 3869 3048; baseline -0.003 -15"><span class='ocrx_word' id='word_1_308' title='bbox 2300 2949 2484 3033; x_wconf 85' lang='lat' dir='ltr'>versi</span> <span class='ocrx_word' id='word_1_309' title='bbox 2521 3006 2549 3048; x_wconf 94' lang='lat'>,</span> <span class='ocrx_word' id='word_1_310' title='bbox 2616 2951 2668 3031; x_wconf 89' lang='lat' dir='ltr'>s1</span> <span class='ocrx_word' id='word_1_311' title='bbox 2723 2953 2993 3034; x_wconf 82' lang='lat' dir='ltr'>animae</span> <span class='ocrx_word' id='word_1_312' title='bbox 3054 2954 3151 3035; x_wconf 88' lang='lat' dir='ltr'>de</span> <span class='ocrx_word' id='word_1_313' title='bbox 3224 2979 3422 3034; x_wconf 90' lang='lat' dir='ltr'>novo</span> <span class='ocrx_word' id='word_1_314' title='bbox 3475 2971 3869 3033; x_wconf 72' lang='lat' dir='ltr'>creentur;</span> 
     </span>
     <span class='ocr_line' id='line_1_57' title="bbox 2336 3055 3878 3158; baseline 0 -23"><span class='ocrx_word' id='word_1_315' title='bbox 2336 3087 2342 3090; x_wconf 90' lang='lat'><strong>·</strong></span> <span class='ocrx_word' id='word_1_316' title='bbox 2400 3057 2521 3135; x_wconf 78' lang='lat' dir='ltr'>Ex</span> <span class='ocrx_word' id='word_1_317' title='bbox 2569 3077 2731 3157; x_wconf 82' lang='lat' dir='ltr'>quo</span> <span class='ocrx_word' id='word_1_318' title='bbox 2773 3059 3002 3141; x_wconf 76' lang='lat' dir='ltr'>etiam</span> <span class='ocrx_word' id='word_1_319' title='bbox 3056 3073 3263 3158; x_wconf 75' lang='lat' dir='ltr'>patet</span> <span class='ocrx_word' id='word_1_320' title='bbox 3305 3056 3582 3136; x_wconf 87' lang='lat' dir='ltr'>solutio</span> <span class='ocrx_word' id='word_1_321' title='bbox 3648 3057 3743 3135; x_wconf 89' lang='lat' dir='ltr'>ad</span> <span class='ocrx_word' id='word_1_322' title='bbox 3795 3055 3878 3135; x_wconf 86' lang='lat' dir='ltr'>id</span> 
     </span>
     <span class='ocr_line' id='line_1_58' title="bbox 2292 3158 3871 3258; baseline -0.001 -22"><span class='ocrx_word' id='word_1_323' title='bbox 2292 3159 2495 3258; x_wconf 87' lang='lat' dir='ltr'>quod</span> <span class='ocrx_word' id='word_1_324' title='bbox 2526 3175 2787 3258; x_wconf 87' lang='lat' dir='ltr'>quarto</span> <span class='ocrx_word' id='word_1_325' title='bbox 2816 3161 3178 3240; x_wconf 85' lang='lat' dir='ltr'>obiicitur</span> <span class='ocrx_word' id='word_1_326' title='bbox 3198 3217 3216 3237; x_wconf 91' lang='lat'><strong>.</strong></span> <span class='ocrx_word' id='word_1_327' title='bbox 3245 3161 3612 3240; x_wconf 80' lang='lat' dir='ltr'>Similiter</span> <span class='ocrx_word' id='word_1_328' title='bbox 3661 3158 3871 3235; x_wconf 88' lang='lat' dir='ltr'>enim</span> 
     </span>
     <span class='ocr_line' id='line_1_59' title="bbox 2291 3259 3870 3361; baseline -0.001 -25"><span class='ocrx_word' id='word_1_329' title='bbox 2291 3260 2563 3339; x_wconf 86' lang='lat' dir='ltr'>dicitur</span> <span class='ocrx_word' id='word_1_330' title='bbox 2596 3262 2856 3338; x_wconf 88' lang='lat' dir='ltr'>Genes.</span> <span class='ocrx_word' id='word_1_331' title='bbox 2873 3287 2930 3339; x_wconf 91' lang='lat'>1.</span> <span class='ocrx_word' id='word_1_332' title='bbox 2948 3265 3147 3361; x_wconf 82' lang='lat' dir='ltr'>quod</span> <span class='ocrx_word' id='word_1_333' title='bbox 3172 3269 3372 3340; x_wconf 86' lang='lat' dir='ltr'>Deus</span> <span class='ocrx_word' id='word_1_334' title='bbox 3408 3259 3870 3338; x_wconf 74' lang='lat' dir='ltr'>consumma·</span> 
     </span>
     <span class='ocr_line' id='line_1_60' title="bbox 2288 3358 3867 3468; baseline -0.001 -28"><span class='ocrx_word' id='word_1_335' title='bbox 2288 3362 2401 3440; x_wconf 78' lang='lat' dir='ltr'>vit</span> <span class='ocrx_word' id='word_1_336' title='bbox 2464 3384 2690 3461; x_wconf 86' lang='lat' dir='ltr'>opera</span> <span class='ocrx_word' id='word_1_337' title='bbox 2743 3361 2916 3458; x_wconf 80' lang='lat' dir='ltr'>sua,</span> <span class='ocrx_word' id='word_1_338' title='bbox 2965 3365 3038 3441; x_wconf 80' lang='lat'>8&lt;</span> <span class='ocrx_word' id='word_1_339' title='bbox 3089 3364 3288 3462; x_wconf 90' lang='lat' dir='ltr'>quod</span> <span class='ocrx_word' id='word_1_340' title='bbox 3346 3358 3720 3468; x_wconf 68' lang='lat' dir='ltr'>requievit</span> <span class='ocrx_word' id='word_1_341' title='bbox 3769 3361 3867 3438; x_wconf 88' lang='lat' dir='ltr'>ab</span> 
     </span>
     <span class='ocr_line' id='line_1_61' title="bbox 2290 3460 3866 3564; baseline -0.003 -22"><span class='ocrx_word' id='word_1_342' title='bbox 2290 3460 2504 3542; x_wconf 87' lang='lat' dir='ltr'>omni</span> <span class='ocrx_word' id='word_1_343' title='bbox 2558 3486 2776 3562; x_wconf 89' lang='lat' dir='ltr'>opere</span> <span class='ocrx_word' id='word_1_344' title='bbox 2829 3464 3028 3564; x_wconf 89' lang='lat' dir='ltr'>quod</span> <span class='ocrx_word' id='word_1_345' title='bbox 3061 3479 3403 3562; x_wconf 86' lang='lat' dir='ltr'>patrarat.</span> <span class='ocrx_word' id='word_1_346' title='bbox 3424 3463 3635 3541; x_wconf 87' lang='lat' dir='ltr'>Sicut</span> <span class='ocrx_word' id='word_1_347' title='bbox 3685 3482 3866 3560; x_wconf 88' lang='lat' dir='ltr'>ergo</span> 
     </span>
     <span class='ocr_line' id='line_1_62' title="bbox 2290 3560 3861 3664; baseline -0.002 -21"><span class='ocrx_word' id='word_1_348' title='bbox 2290 3563 2888 3660; x_wconf 78' lang='lat' dir='ltr'>consummatiO,</span> <span class='ocrx_word' id='word_1_349' title='bbox 2958 3560 3103 3643; x_wconf 82' lang='lat' dir='ltr'>sive</span> <span class='ocrx_word' id='word_1_350' title='bbox 3179 3563 3530 3664; x_wconf 63' lang='lat' dir='ltr'>perfefiiio</span> <span class='ocrx_word' id='word_1_351' title='bbox 3577 3581 3861 3640; x_wconf 85' lang='lat' dir='ltr'>creatu·</span> 
     </span>
     <span class='ocr_line' id='line_1_63' title="bbox 2291 3663 3859 3770; baseline 0 -26"><span class='ocrx_word' id='word_1_352' title='bbox 2291 3690 2535 3745; x_wconf 85' lang='lat' dir='ltr'>rarum</span> <span class='ocrx_word' id='word_1_353' title='bbox 2587 3666 2982 3748; x_wconf 89' lang='lat' dir='ltr'>secundum</span> <span class='ocrx_word' id='word_1_354' title='bbox 3041 3666 3313 3770; x_wconf 85' lang='lat' dir='ltr'>species</span> <span class='ocrx_word' id='word_1_355' title='bbox 3341 3663 3859 3765; x_wconf 77' lang='lat' dir='ltr'>consideratur,</span> 
     </span>
     <span class='ocr_line' id='line_1_64' title="bbox 2291 3765 3862 3867; baseline -0.001 -21"><span class='ocrx_word' id='word_1_356' title='bbox 2291 3768 2365 3846; x_wconf 76' lang='lat'>8&lt;</span> <span class='ocrx_word' id='word_1_357' title='bbox 2417 3792 2568 3847; x_wconf 89' lang='lat' dir='ltr'>non</span> <span class='ocrx_word' id='word_1_358' title='bbox 2619 3768 3015 3849; x_wconf 88' lang='lat' dir='ltr'>secundum</span> <span class='ocrx_word' id='word_1_359' title='bbox 3046 3768 3471 3858; x_wconf 76' lang='lat' dir='ltr'>individua3</span> <span class='ocrx_word' id='word_1_360' title='bbox 3523 3765 3862 3867; x_wconf 71' lang='lat' dir='ltr'>itaquies</span> 
     </span>
     <span class='ocr_line' id='line_1_65' title="bbox 2298 3868 3975 3970; baseline -0.003 -20"><span class='ocrx_word' id='word_1_361' title='bbox 2298 3868 2444 3950; x_wconf 83' lang='lat' dir='ltr'>Dei</span> <span class='ocrx_word' id='word_1_362' title='bbox 2498 3869 2595 3948; x_wconf 80' lang='lat' dir='ltr'>est</span> <span class='ocrx_word' id='word_1_363' title='bbox 2652 3869 3136 3970; x_wconf 77' lang='lat' dir='ltr'>intelligenda</span> <span class='ocrx_word' id='word_1_364' title='bbox 3188 3873 3584 3951; x_wconf 80' lang='lat' dir='ltr'>secundum</span> <span class='ocrx_word' id='word_1_365' title='bbox 3642 3870 3860 3947; x_wconf 75' lang='lat' dir='ltr'>celsa·</span> <span class='ocrx_word' id='word_1_366' title='bbox 3963 3901 3975 3910; x_wconf 81' lang='lat'>·</span> 
     </span>
     <span class='ocr_line' id='line_1_66' title="bbox 2286 3971 3860 4073; baseline -0.002 -23"><span class='ocrx_word' id='word_1_367' title='bbox 2286 3971 2572 4051; x_wconf 90' lang='lat' dir='ltr'>tionem</span> <span class='ocrx_word' id='word_1_368' title='bbox 2625 3998 2668 4049; x_wconf 89' lang='lat' dir='ltr'>a</span> <span class='ocrx_word' id='word_1_369' title='bbox 2722 3972 2939 4059; x_wconf 86' lang='lat' dir='ltr'>novis</span> <span class='ocrx_word' id='word_1_370' title='bbox 2990 3972 3360 4073; x_wconf 88' lang='lat' dir='ltr'>speciebus</span> <span class='ocrx_word' id='word_1_371' title='bbox 3409 3972 3860 4067; x_wconf 79' lang='lat' dir='ltr'>condendis,</span> 
     </span>
     <span class='ocr_line' id='line_1_67' title="bbox 2286 4073 3857 4174; baseline -0.001 -23"><span class='ocrx_word' id='word_1_372' title='bbox 2286 4099 2436 4153; x_wconf 88' lang='lat' dir='ltr'>non</span> <span class='ocrx_word' id='word_1_373' title='bbox 2490 4093 2743 4152; x_wconf 82' lang='lat' dir='ltr'>autem</span> <span class='ocrx_word' id='word_1_374' title='bbox 2796 4100 2840 4154; x_wconf 82' lang='lat' dir='ltr'>a</span> <span class='ocrx_word' id='word_1_375' title='bbox 2893 4073 3108 4154; x_wconf 88' lang='lat' dir='ltr'>novis</span> <span class='ocrx_word' id='word_1_376' title='bbox 3164 4073 3622 4169; x_wconf 86' lang='lat' dir='ltr'>individuis,</span> <span class='ocrx_word' id='word_1_377' title='bbox 3673 4095 3857 4174; x_wconf 86' lang='lat' dir='ltr'>quo-</span> 
     </span>
     <span class='ocr_line' id='line_1_68' title="bbox 2282 4173 3861 4276; baseline -0.001 -23"><span class='ocrx_word' id='word_1_378' title='bbox 2282 4199 2445 4253; x_wconf 88' lang='lat' dir='ltr'>rum</span> <span class='ocrx_word' id='word_1_379' title='bbox 2520 4173 2791 4253; x_wconf 79' lang='lat' dir='ltr'>similia</span> <span class='ocrx_word' id='word_1_380' title='bbox 2859 4175 3261 4254; x_wconf 89' lang='lat' dir='ltr'>secundum</span> <span class='ocrx_word' id='word_1_381' title='bbox 3317 4173 3630 4276; x_wconf 86' lang='lat' dir='ltr'>speciem</span> <span class='ocrx_word' id='word_1_382' title='bbox 3683 4190 3861 4274; x_wconf 69' lang='lat' dir='ltr'>prae‘·</span> 
     </span>
     <span class='ocr_line' id='line_1_69' title="bbox 2280 4275 3858 4358; baseline -0.001 -1"><span class='ocrx_word' id='word_1_383' title='bbox 2280 4278 2692 4357; x_wconf 73' lang='lat' dir='ltr'>cesserunt:</span> <span class='ocrx_word' id='word_1_384' title='bbox 2744 4277 2820 4356; x_wconf 78' lang='lat'>3&lt;</span> <span class='ocrx_word' id='word_1_385' title='bbox 2885 4275 2981 4356; x_wconf 86' lang='lat' dir='ltr'>fic</span> <span class='ocrx_word' id='word_1_386' title='bbox 3047 4300 3221 4358; x_wconf 84' lang='lat' dir='ltr'>cum</span> <span class='ocrx_word' id='word_1_387' title='bbox 3275 4299 3534 4356; x_wconf 87' lang='lat' dir='ltr'>omnes</span> <span class='ocrx_word' id='word_1_388' title='bbox 3584 4277 3858 4356; x_wconf 62' lang='lat' dir='ltr'>anima</span> 
     </span>
    </p>
   </div>
   <div class='ocr_carea' id='block_1_8' title="bbox 2272 4376 3858 4480">
    <p class='ocr_par' dir='ltr' id='par_1_10' title="bbox 2272 4376 3858 4480">
     <span class='ocr_line' id='line_1_70' title="bbox 2272 4376 3858 4480; baseline -0.001 -22"><span class='ocrx_word' id='word_1_389' title='bbox 2272 4380 2630 4467; x_wconf 78' lang='lat' dir='ltr'>&#39;bumauae</span> <span class='ocrx_word' id='word_1_390' title='bbox 2675 4377 2826 4459; x_wconf 70' lang='lat' dir='ltr'>{int</span> <span class='ocrx_word' id='word_1_391' title='bbox 2882 4380 3096 4458; x_wconf 88' lang='lat' dir='ltr'>unius</span> <span class='ocrx_word' id='word_1_392' title='bbox 3165 4378 3498 4480; x_wconf 79' lang='lat' dir='ltr'>speciei,</span> <span class='ocrx_word' id='word_1_393' title='bbox 3546 4376 3734 4459; x_wconf 86' lang='lat' dir='ltr'>ficut</span> <span class='ocrx_word' id='word_1_394' title='bbox 3778 4380 3858 4456; x_wconf 75' lang='grc' dir='ltr'>δε</span> 
     </span>
    </p>
   </div>
   <div class='ocr_carea' id='block_1_9' title="bbox 2282 4481 3858 4987">
    <p class='ocr_par' dir='ltr' id='par_1_11' title="bbox 2282 4481 3858 4768">
     <span class='ocr_line' id='line_1_71' title="bbox 2284 4481 3858 4582; baseline -0.002 -22"><span class='ocrx_word' id='word_1_395' title='bbox 2284 4506 2549 4562; x_wconf 89' lang='lat' dir='ltr'>omnes</span> <span class='ocrx_word' id='word_1_396' title='bbox 2599 4481 2941 4562; x_wconf 80' lang='lat' dir='ltr'>homines</span> <span class='ocrx_word' id='word_1_397' title='bbox 2966 4534 2994 4578; x_wconf 92' lang='lat'>‚</span> <span class='ocrx_word' id='word_1_398' title='bbox 3059 4506 3214 4559; x_wconf 90' lang='lat' dir='ltr'>non</span> <span class='ocrx_word' id='word_1_399' title='bbox 3259 4500 3631 4582; x_wconf 83' lang='lat' dir='ltr'>repugnat</span> <span class='ocrx_word' id='word_1_400' title='bbox 3675 4500 3858 4581; x_wconf 71' lang='lat' dir='ltr'>prae·</span> 
     </span>
     <span class='ocr_line' id='line_1_72' title="bbox 2284 4581 3853 4703; baseline -0.002 -42"><span class='ocrx_word' id='word_1_401' title='bbox 2284 4581 2497 4703; x_wconf 52' lang='lat' dir='ltr'>dieiae</span> <span class='ocrx_word' id='word_1_402' title='bbox 2549 4583 2836 4686; x_wconf 83' lang='lat' dir='ltr'>quieti,</span> <span class='ocrx_word' id='word_1_403' title='bbox 2889 4582 2964 4663; x_wconf 73' lang='lat' dir='ltr'>si.</span> <span class='ocrx_word' id='word_1_404' title='bbox 2998 4586 3205 4665; x_wconf 88' lang='lat' dir='ltr'>Deus</span> <span class='ocrx_word' id='word_1_405' title='bbox 3228 4583 3567 4686; x_wconf 85' lang='lat' dir='ltr'>quotidie</span> <span class='ocrx_word' id='word_1_406' title='bbox 3616 4603 3853 4664; x_wconf 85' lang='lat' dir='ltr'>novas</span> 
     </span>
     <span class='ocr_line' id='line_1_73' title="bbox 2282 4702 3088 4768; baseline 0.009 -4"><span class='ocrx_word' id='word_1_407' title='bbox 2282 4707 2568 4764; x_wconf 76' lang='lat' dir='ltr'>ammas</span> <span class='ocrx_word' id='word_1_408' title='bbox 2619 4702 2866 4768; x_wconf 83' lang='lat' dir='ltr'>creat.</span> <span class='ocrx_word' id='word_1_409' title='bbox 3079 4735 3088 4748; x_wconf 92' lang='lat'><strong>·</strong></span> 
     </span>
    </p>

    <p class='ocr_par' dir='ltr' id='par_1_12' title="bbox 2287 4784 3856 4987">
     <span class='ocr_line' id='line_1_74' title="bbox 2391 4784 3856 4887; baseline -0.003 -20"><span class='ocrx_word' id='word_1_410' title='bbox 2391 4785 2786 4870; x_wconf 82' lang='lat' dir='ltr'>Sciendum</span> <span class='ocrx_word' id='word_1_411' title='bbox 2826 4803 3086 4870; x_wconf 84' lang='lat' dir='ltr'>autem</span> <span class='ocrx_word' id='word_1_412' title='bbox 3137 4785 3237 4868; x_wconf 83' lang='lat' dir='ltr'>est</span> <span class='ocrx_word' id='word_1_413' title='bbox 3270 4841 3300 4887; x_wconf 90' lang='lat'>,</span> <span class='ocrx_word' id='word_1_414' title='bbox 3402 4785 3548 4865; x_wconf 88' lang='lat' dir='ltr'>uod</span> <span class='ocrx_word' id='word_1_415' title='bbox 3595 4784 3692 4865; x_wconf 80' lang='lat' dir='ltr'>ab</span> <span class='ocrx_word' id='word_1_416' title='bbox 3753 4786 3856 4864; x_wconf 79' lang='lat' dir='ltr'>A·</span> 
     </span>
     <span class='ocr_line' id='line_1_75' title="bbox 2287 4886 3852 4987; baseline 0.001 -21"><span class='ocrx_word' id='word_1_417' title='bbox 2287 4887 2607 4970; x_wconf 80' lang='lat' dir='ltr'>riflotele</span> <span class='ocrx_word' id='word_1_418' title='bbox 2657 4915 2812 4971; x_wconf 86' lang='lat' dir='ltr'>non</span> <span class='ocrx_word' id='word_1_419' title='bbox 2863 4891 3237 4973; x_wconf 87' lang='lat' dir='ltr'>invenitur</span> <span class='ocrx_word' id='word_1_420' title='bbox 3270 4889 3346 4968; x_wconf 91' lang='lat' dir='ltr'>di</span> <span class='ocrx_word' id='word_1_421' title='bbox 3423 4913 3600 4984; x_wconf 88' lang='lat' dir='ltr'>um,</span> <span class='ocrx_word' id='word_1_422' title='bbox 3647 4886 3852 4987; x_wconf 74' lang='lat' dir='ltr'>quod</span> 
     </span>
    </p>
   </div>
   <div class='ocr_carea' id='block_1_10' title="bbox 2276 4988 3860 5175">
    <p class='ocr_par' dir='ltr' id='par_1_13' title="bbox 2276 4988 3860 5175">
     <span class='ocr_line' id='line_1_76' title="bbox 2276 4988 3860 5175; baseline -0.004 -101"><span class='ocrx_word' id='word_1_423' title='bbox 2276 4991 2701 5083; x_wconf 75' lang='lat' dir='ltr'>&#39;intele</span> <span class='ocrx_word' id='word_1_424' title='bbox 2740 4993 3114 5084; x_wconf 66' lang='lat' dir='ltr'>humanus</span> <span class='ocrx_word' id='word_1_425' title='bbox 3132 4993 3226 5078; x_wconf 76' lang='lat' dir='ltr'>fit</span> <span class='ocrx_word' id='word_1_426' title='bbox 3242 5007 3597 5093; x_wconf 68' lang='lat' dir='ltr'>aternus,</span> <span class='ocrx_word' id='word_1_427' title='bbox 3645 4988 3860 5175; x_wconf 51' lang='lat' dir='ltr'>qugd·</span> 
     </span>
    </p>
   </div>
  </div>
 </body>
</html>
