4597 5696
1297 402 1885 468 CONTRA
1969 389 3050 467 GENTILESL1·B.
3138 393 3199 459 1.
3782 404 3882 483 573

2301 524 2516 604 rioris
2560 548 2585 615 ς
2653 516 2982 620 sequitur
3034 515 3235 613 qnod
3307 509 3715 591 intellectus
3767 512 3878 592 in-

2301 626 2711 705 tentionem
2780 617 3048 697 formet
3122 615 3234 692 illi
3310 615 3419 692 rei
3490 614 3875 694 similem:

2288 729 2462 827 quia
2547 724 2764 825 quale
2830 717 2931 798 est
3001 715 3628 817 unumquodque,
3683 715 3861 794 talia

2286 845 2680 928 operatur:
2733 822 2813 902 ἃ
2891 845 2983 899 ex
3056 818 3194 897 boc
3278 820 3480 918 quod?
3547 816 3869 896 intentio

2290 929 2663 1008 intellecta
2733 922 2835 1004 est
2910 920 3180 1000 similis
3257 919 3477 997 alicui
3530 918 3634 995 rei
3678 971 3706 1012 ,
3763 919 3864 997 se-

2287 1030 2535 1129 quitur
2586 1028 2783 1131 quod
2823 1022 3233 1102 intellectus
3287 1018 3675 1098 fiormando.
3723 1020 3860 1100 hu-

2284 1130 2597 1229 jusmodi
2649 1126 3151 1206 intentionem
3188 1175 3219 1218 ‚
3268 1146 3426 1199 rem
3479 1118 3708 1233 inam.
3742 1123 3855 1198 in-

2284 1233 2635 1331 telligat.
2711 1225 3130 1308 Intellectus
3218 1238 3472 1301 autem
3559 1222 3855 1300 divmus

2285 1333 2489 1410 nulla
2539 1331 2682 1408 alia
2737 1328 2972 1429 specie
3053 1323 3406 1423 intelligit
3482 1346 3702 1420 quam
3757 1323 3861 1400 es,

2285 1434 2513 1512 sentia
2568 1434 2686 1511 sua
2723 1485 2750 1523 ,
2801 1447 2884 1507 ut
2938 1428 3144 1528 supra
3195 1425 3409 1523 (cap.
3462 1422 3661 1500 xlv1.
3704 1424 3731 1519 )
3783 1451 3861 1501 o·-

2284 1535 2595 1614 stensum
2648 1531 2803 1625 est,
2858 1531 2975 1607 sed
3051 1546 3299 1606 tamen
3379 1524 3679 1602 essentia
3733 1525 3855 1604 sua

2284 1635 2384 1713 est
2435 1632 2845 1714 similitudo
2923 1627 3265 1706 omnium
3316 1650 3564 1703 rerum
3616 1683 3635 1702 .
3719 1630 3858 1705 Per

2282 1735 2424 1814 hoc
2475 1760 2654 1834 ergo
2702 1731 3020 1830 sequitur
3070 1728 3271 1826 quod
3302 1726 3690 1823 conceptio
3743 1727 3860 1804 in-

2283 1836 2612 1914 tellectus
2664 1830 2913 1912 divini-
2955 1844 3170 1928 prout
3221 1826 3688 1923 semetipsum
3742 1827 3852 1905 in·

2290 1935 2606 2034 telligit,
2656 1958 2815 2034 quae
2867 1928 2970 2008 est
3014 1927 3350 2005 Verbum
3408 1926 3853 2026 ipsius,non

2289 2034 2526 2113 solum
2577 2036 2673 2113 s-it
2722 2031 3131 2112 similitudo
3185 2027 3407 2126 ipsius
3442 2026 3586 2104 Dei
3640 2027 3852 2105 intel·

2283 2135 2509 2228 lecti,
2563 2135 2681 2214 sed
2759 2133 2986 2209 etiam
3056 2128 3397 2206 omnium
3437 2179 3473 2219 ,-
3533 2151 3849 2224 quorum

2278 2235 2379 2312 est
2451 2234 2707 2312 divina
2786 2231 3084 2309 ess'entia
3161 2226 3573 2304 similitudo
3614 2283 3633 2301 .
3725 2230 3853 2310 Sic

2277 2335 2510 2434 igitur
2585 2358 2713 2433 per
2763 2355 2990 2410 unam
3045 2327 3357 2429 speciem
3412 2327 3852 2428 intelligibi-

2277 2436 2472 2530 lem,
2527 2459 2683 2535 quae
2738 2432 2842 2512 est
2891 2431 3145 2511 divina
3196 2429 3535 2524 effenda,
3585 2429 3656 2506 8<
3710 2455 3844 2530 per

2272 2563 2499 2615 unam
2552 2534 3044 2614 intentionem
3116 2529 3567 2608 intellectam
3598 2581 3629 2624 ‚
3677 2554 3844 2629 quae

2266 2637 2369 2715 est
2424 2638 2758 2714 Verbum
2800 2632 3152 2712 'divinum
3177 2685 3208 2726 ,
3255 2629 3491 2707 multa
3538 2632 3841 2729 possunt

2265 2764 2310 2814 a
2365 2743 2532 2817 Deo
2583 2734 2951 2834 intelligi.

2499 2885 2555 2947 C
2641 2889 2705 2950 A
2789 2886 2837 2947 P
2926 2886 2986 2950 U
3074 2881 3137 2944 T
3303 2878 3581 2943 xxxu.

2256 3008 2548 3095 ,Quomodo
2575 3006 2787 3067 divina
2826 3006 3050 3084 effemiae
3087 3025 3203 3064 una
3222 3000 3466 3077 existens*
3477 3000 3555 3077 fit
3586 3003 3831 3087 proprian

2548 3087 2895 3166 similitudo,
2941 3085 3019 3148 ἔθ’
3067 3086 3213 3144 ratio
3250 3084 3506 3145 omnium

2778 3164 3223 3249 intelligibilium
3246 3204 3271 3227 0
3584 3178 3599 3186 ‘

2382 3341 2526 3419 ΕΙ)
2577 3339 2816 3419 rursus
2865 3336 3168 3419 difficile
3221 3392 3249 3436 ,
3320 3336 3441 3416 vel
3494 3338 3818 3439 impoffi·

2429 3441 2576 3517 bile
2627 3441 2846 3518 alicui
2900 3442 3136 3519 videri
3201 3440 3432 3541 potest
3484 3445 3676 3540 quod
3729 3470 3810 3520 u-

2246 3566 2430 3616 num
2483 3542 2556 3618 8<
2609 3541 2808 3619 idem
2856 3542 3218 3643 simplex,
3272 3561 3368 3622 ut·
3403 3542 3652 3619 divina
3704 3543 3805 3619 es-

2250 3640 2480 3755 sentia
2513 3695 2541 3737 ,
2592 3642 2688 3721 sit
2737 3645 3029 3744 propria
3077 3645 3267 3723 ratio
3312 3700 3339 3739 ,
3394 3643 3549 3722 sive
3599 3645 3806 3722 simi-

2244 3741 2482 3821 litudo
2531 3743 2985 3824 diversorum
3019 3804 3039 3823 .
3095 3750 3300 3823 Nam
3351 3767 3522 3824 cum
3574 3746 3809 3824 diver-

2242 3842 2482 3925 sarum
2569 3872 2811 3926 rerum
2892 3848 2989 3926 sit
3065 3847 3434 3926 distinctio
3520 3847 3805 3926 ratione

2236 3949 2693 4046 propriarum
2768 3947 3164 4032 formarum
3208 4002 3236 4043 ,
3308 3950 3502 4048 quod
3572 3948 3801 4025 alicui

2235 4049 2623 4125 secundum
2697 4050 3062 4148 propriam
3145 4047 3462 4128 formam
3548 4047 3802 4126 simile

2234 4145 2455 4224 fuerit
2505 4202 2530 4241 ,
2583 4148 2792 4226 alteri
2847 4151 3120 4228 neceffe
3170 4150 3267 4227 est
3321 4165 3404 4228 ut
3453 4150 3798 4229 diffimile

2232 4247 2651 4325 inveniatur
2694 4277 2713 4325 :
2768 4250 3163 4329 secundum⁴
3208 4274 3388 4350 vero
3437 4252 3634 4349 quod
3686 4252 3800 4330 di-

2230 4349 2435 4425 versa
2488 4349 2764 4447 aliquid
2831 4376 3228 4428 commune
3298 4351 3629 4445 habent,
3682 4354 3794 4430 nia

2232 4445 2342 4525 hil
2396 4449 2737 4549 prohibet
2818 4475 2902 4529 ea
2955 4474 3177 4528 unam
3228 4453 3799 4532 similitudinem

2232 4548 2499 4627 habere
2537 4605 2564 4643 ,
2614 4550 2804 4628 sicut
2852 4552 3080 4631 homo
3115 4606 3143 4649 ,
3192 4551 3265 4634 8(
3318 4554 3557 4634 asinus
3600 4610 3627 4650 ,
3680 4556 3790 4630 i-n'·

636 4719 655 4734 ,
1203 4737 1218 4753 .
1359 4742 1376 4756 ο
1419 4719 1576 4724 ἡ---
1610 4719 1627 4724 -
1680 4719 1804 4728 Π-
1864 4719 2008 4730 w-
2064 4719 2099 4730 -
2230 4668 2585 4749 quantum
2654 4651 2814 4729 sunt
2883 4654 3233 4741 animalia
3278 4684 3299 4733 :
3350 4679 3437 4733 ex
3490 4681 3641 4755 quo
3693 4656 3791 4732 se·

483 4744 509 4776 ⁸
573 4743 734 4894 1¹¹1}OE
790 4735 985 4825 quod
1020 4734 1301 4849 ‘specles
1355 4746 1845 4863 intelligibilis
1890 4807 1917 4846 ,
1967 4778 2126 4852 quae
2230 4750 2480 4849 quitur
2530 4753 2955 4851 quod‘Deus
3008 4758 3096 4835 de
3149 4759 3360 4834 rebus
3413 4758 3781 4857 propriam

572 4845 617 4896 e
669 4921 685 4936 α
729 4823 962 4942 forma
1017 4838 1425 4957 intellectos
1463 4900 1489 4959 2’
1527 4848 1612 4960 ,δε
1666 4852 2121 4952 mtellige'ndi
2221 4852 2726 4952 cognitionem
2793 4881 2944 4934 non
3012 4858 3277 4935 habeat
3315 4910 3352 4952 ,-
3398 4858 3515 4934 sed
3582 4882 3790 4935 coms

485 5027 490 5032 ,
572 4942 1028 5032 Prmclpmm
1053 4991 1081 5041 2
1149 4940 1249 5024 est
1315 4945 1725 5034 similitudo
1771 4951 1879 5034 rei
1930 4972 2126 5039 exte-r
2220 4973 2528 5041 munem
2547 5012 2568 5038 .
2625 4958 3259 5138 Nam-selcundum-
3283 4961 3776 5071 modum-quo

1730 5101 1736 5106 ·
1872 5088 1877 5093 ·
3049 5086 3097 5140 2.
3567 5080 3774 5137 smu-
