4597 5696
1297 366 1894 442 eon-rna
1981 319 2728 444 Gen-mres
2814 376 3066 444 ιη.
3156 379 3246 444 η.

657 486 734 572 di
784 482 1215 588 adjumenta·
1256 501 1412 568 tam
1468 487 1854 567 intrinseca
1898 543 1924 581 ,
1993 511 2218 588 quam

652 592 1052 676 extrinseca
1102 594 1172 671 ei
1226 592 1610 693 praeberet:
1667 591 1748 670 in
1778 591 2043 690 quibus
2062 615 2218 669 om·

655 697 917 792 nibus,
970 694 1022 773 fi
1072 692 1266 773 recle
1319 693 2000 790 attenditur,Deus
2020 715 2213 772 crea-

655 813 834 879 turae
885 797 1173 876 debitor
1224 823 1377 874 non
1428 795 1738 892 dicitur,
1794 793 1915 875 sed
1951 793 2088 874 suae
2108 793 2214 873 di·

659 898 1033 1002 spolitioni
1087 898 1478 998 implendae
1507 953 1526 975 .
2052 969 2056 974 .

767 1001 1155 1081 Invenitur
1205 1017 1456 1080 autem
1507 1013 1584 1079 et
1633 996 1821 1080 alius
1856 996 2224 1078 necessita-

657 1101 754 1182 tis
800 1103 1065 1182 modus
1116 1103 1197 1181 in
1264 1125 1509 1182 rerum
1578 1118 1835 1180 natura
1887 1160 1914 1197 ‚
1982 1100 2225 1179 secun-

668 1208 848 1284 dum
901 1206 1102 1304 quod
1152 1204 1432 1307 aliquid
1466 1203 1733 1283 dicitur
1750 1201 2225 1284 necessarium

665 1307 1036 1386 absolute:
1089 1331 1250 1410 quae
1302 1306 1607 1409 quidem
1685 1304 2058 1387 necessitas
2110 1306 2227 1384 de·

664 1410 937 1510 pendet
987 1431 1078 1488 ex
1130 1409 1372 1490 caulis.
1406 1407 1773 1509 prioribus
1826 1409 1907 1489 in
1959 1409 2098 1487 esse
2145 1403 2224 1483 si·

662 1529 793 1592 cut
843 1535 934 1590 ex
988 1510 1369 1611 principiis
1421 1511 1966 1607 essentialibus,
2016 1524 2218 1587 etex

658 1611 889 1693 caufis
941 1613 1443 1691 efficientibus
1463 1667 1491 1706 ,
1523 1611 1674 1689 five
1705 1611 2209 1690 moventibus.

660 1713 804 1794 Sed
856 1713 985 1791 iste
1037 1714 1302 1793 modus
1357 1713 1799 1793 neceffitatis
1854 1713 1935 1791 in
1974 1712 2214 1812 prima

665 1839 915 1894 rerum
971 1815 1356 1894 creatione
1408 1818 1668 1894 locum
1722 1813 1997 1892 habere
2051 1838 2210 1891 non

661 1915 901 2017 potest
953 1932 1324 2015 quantum
1397 1917 1490 1994 ad
1557 1916 1806 1995 causas
1888 1914 2212 1995 efficien-

662 2035 816 2099 tes:
872 2019 980 2095 ibi
1037 2018 1245 2095 enim
1297 2016 1498 2096 solus
1555 2023 1758 2097 Deus
1809 2016 2029 2098 causa
2060 2014 2214 2095 effi·

661 2121 867 2200 ciens
922 2116 1122 2214 fuit,
1173 2115 1383 2214 cujus
1436 2117 1539 2197 est
1591 2118 1826 2196 solius
1891 2128 2144 2196 creare
2186 2169 2214 2210 ,

664 2240 751 2299 ut
803 2220 1020 2318 supra
1072 2221 1100 2318 (
1155 2242 1316 2318 cap.
1370 2245 1542 2297 xxr.
1596 2221 1625 2316 )
1674 2216 2049 2296 ‘ostensum
2073 2216 2210 2296 est,

666 2320 830 2420 Ipse
884 2336 1136 2399 autem
1195 2345 1348 2396 non
1400 2344 1492 2398 ex
1547 2306 1968 2399 necestitate
2006 2332 2213 2398 natu·

661 2421 981 2517 rae,-sed
1037 2421 1431 2499 voluntate
1482 2438 1892 2519 operatur,
1960 2445 2219 2499 crean-

661 2524 815 2619 do,
871 2543 954 2602 ut
1007 2525 1221 2621 supra
1274 2521 1302 2620 (
1359 2547 1523 2621 cap.
1584 2547 1860 2600 xxrrr.
1919 2520 1946 2618 )
1994 2521 2223 2600 osten·

659 2622 825 2703 sum
870 2624 980 2728 ¹est
1015 2680 1035 2701 .
1115 2628 1227 2703 Ea
1310 2649 1492 2702 vero
1585 2649 1753 2722 quae
1822 2622 2223 2702 voluntate

669 2724 920 2821 fiunt,
973 2724 1477 2802 necessitatem
1534 2723 1813 2801 habere
1865 2749 2020 2801 non
2073 2722 2226 2820 pol}

663 2824 877 2923 sunt,
929 2823 1065 2903 nisi
1118 2851 1210 2904 ex
1264 2826 1410 2903 sola
1463 2822 1640 2901 finis
1696 2822 2224 2923 suppofitione,

663 2926 1069 3006 secundum
1119 2950 1349 3025 quam
1403 2922 1741 3004 debitum
1796 2923 1895 3004 est
1947 2923 2220 3003 finiut

664 3052 756 3108 ea
808 3025 949 3106 lint
1030 3052 1160 3127 per
1230 3051 1393 3128 quae
1468 3024 1940 3125 pervenitur·
1989 3027 2092 3107 ad·
2135 3023 2217 3104 fi-

664 3153 884 3211 nem.
939 3128 1082 3209 Sed
1135 3144 1507 3229 quantum
1581 3129 1673 3207 ad
1744 3129 1996 3210 causas
2065 3128 2214 3209 for·

667 3232 983 3349 males(
1003 3231 1124 3310 vel
1178 3230 1601 3347 materiales
1636 3230 1827 3311 nihil
1856 3229 2214 3347 prohibet

671 3353 904 3413 etiam
960 3356 1046 3410 m
1097 3357 1341 3432 pruna
1393 3355 1647 3412 rerum
1684 3349 2064 3410 creatione
2096 3357 2217 3415 ne-

669 3433 1080 3513 cessitatem
1156 3433 1576 3514 absolutam
1647 3431 2031 3519 inveniri:
2090 3456 2215 3511 ·ex

670 3535 824 3615 hoc
876 3535 1086 3615 enim
1137 3533 1342 3634 quod
1395 3534 1655 3634 aliqua
1734 3556 2043 3631 corpora
2078 3598 2085 3603 .
2124 3557 2215 3613 ex

670 3635 1072 3717 elementis
1125 3633 1407 3714 fuerint
1455 3632 1909 3735 composita,
1978 3632 2212 3713 neces,

652 3738 943 3818 {arium
1000 3735 1148 3815 fuit
1201 3761 1289 3815 ea
1359 3736 1601 3817 calida
1634 3791 1661 3831 ,
1724 3744 1895 3825 ,aut'
1944 3734 2214 3838 frigida

670 3842 855 3928 effe,
902 3840 978 3918 8c
1032 3864 1124 3916 ex
1178 3838 1326 3918 hoc
1376 3839 1579 3936 quod
1645 3837 1936 3937 aliqua.
1970 3837 2213 3935 super·

673 3940 879 4019 ficies
935 3937 1288 4039 produaa
1340 3939 1441 4021 est
1494 3939 1993 4042 triangularis·
2030 3938 2219 4038 figu-

676 4065 816 4137 rae,
866 4041 1350 4120 necessarium
1406 4040 1806 4140 fuit‘quod
1877 4058 2022 4120 tres
2090 4066 2216 4119 an·

662 4143 899 4242 ⁴gulos
950 4142 1270 4241 aequales
1338 4139 1628 4220 duobus
1699 4138 1922 4221 restis
1994 4142 2219 4220 habe-

677 4258 791 4321 ret
819 4296 839 4318 .
897 4245 1078 4322 Haec
1133 4258 1389 4321 autem
1440 4243 1821 4323 necessitas
1850 4241 2219 4323 estsecun·

677 4339 862 4418 dum
931 4342 1277 4421 ordinem
1366 4341 1673 4425 effefius
1764 4345 1860 4426 ad
1926 4346 2220 4426 causam

678 4457 1008 4523 creatam
1061 4444 1572 4539 materialem,
1628 4448 1750 4527 vel
1796 4445 2221 4527 formalem.

679 4543 911 4625 Unde
954 4543 1364 4625 secundum
1417 4549 1608 4629 hanc
1665 4551 1873 4628 Deus
1923 4548 2221 4630 debitor

677 4644 835 4723 dici
888 4672 1041 4725 non
1095 4646 1373 4746 potest,
1423 4648 1543 4727 sed
1597 4649 1841 4749 magis
1891 4647 2220 4729 increa-

682 4763 937 4826 turam
988 4747 1327 4828 debitum
1382 4750 1826 4831 neceffitatis
1851 4748 2102 4830 cadit.
2135 4754 2223 4831 In

682 4870 934 4945 rerum
988 4868 1242 4931 autern
1299 4852 1882 4953 propagatione,
1912 4849 2220 4952 ubijam

681 4953 1409 5045 creaturaefficiens
1483 4953 1917 5058 invenitur,
1983 4952 2225 5060 potest

3769 381 3886 462 ¹5<

2321 477 2463 558 effe
2516 481 2895 562 neceffitas
2949 480 3387 570 absoluta-,a
3439 477 3654 564 causa
3707 483 3868 578 effi·

2320 579 2569 672 ciente
2590 601 2837 663 creata
2859 610 2887 680 3
2907 581 3087 663 sicut
3105 608 3198 664 ex
3215 600 3436 661 motu
3456 583 3650 666 Solis
3681 582 3873 664 infe·

2318 679 2518 765 riora
2535 708 2844 786 corpora
2870 687 3270 767 necessario
3314 684 3821 765 immutantur
3841 743 3866 763 .

2424 782 2550 866 Sic
2603 786 2983 888 igiturex
3034 784 3399 888 praedie'tis
3450 786 3694 868 debiti
3767 812 3877 869 ra-

2323 882 2661 967 tionibus
2713 888 2992 985 justitia
3064 888 3428 972 naturalis
3499 889 3580 972 in
3655 890 3881 970 rebus

2327 986 2718 1068 invenitur
2767 992 2841 1070 8<
2894 1008 3264 1091 quantum
3287 991 3382 1071 ad
3403 1015 3651 1073 rerum
3673 1015 3874 1073 crea-

2330 1087 2668 1191 tionem,
2720 1092 2796 1171 &
2846 1111 3216 1194 quantum
3269 1093 3365 1174 ad
3415 1104 3674 1174 eorum
3714 1117 3878 1192 pro-

2330 1192 2816 1304 pagationem
2865 1220 2891 1286 ε,
2962 1195 3037 1274 8<
3090 1196 3263 1276 ideo
3339 1197 3548 1276 Deus
3599 1196 3879 1276 dicitur

2327 1293 2510 1391 juste
2534 1347 2563 1390 ,
2611 1295 2685 1373 8(
2736 1296 3284 1377 rationabiliter
3331 1297 3590 1382 omnia
3625 1297 3877 1378 condi-

2326 1394 2546 1490 diffe,
2595 1396 2671 1474 8<
2724 1398 3143 1497 gubernare
3173 1453 3194 1475 .

2427 1495 2553 1576 Sic
2608 1495 2849 1598 igitur
2903 1525 3033 1600 per
3083 1498 3427 1600 predicta
3449 1496 3878 1582 excluditur

2317 1595 2594 1713 duplex
2647 1624 2898 1695 error,
2951 1626 3219 1681 eorum
3273 1602 3562 1692 scilicet
3599 1602 3735 1702 qui
3777 1599 3882 1681 di·

2318 1724 2586 1782 vinam
2663 1703 3081 1799 potentiam
3180 1705 3605 1788 limitantes
3678 1702 3883 1780 dice-

2317 1798 2548 1895 bant,
2602 1805 2851 1880 Deum
2910 1831 3065 1882 non
3148 1809 3342 1905 posse
3398 1804 3645 1883 facere
3730 1802 3871 1881 nifi

2321 1923 2485 2000 quae
2539 1900 2771 1996 facit,
2817 1905 3004 2002 'quia
3061 1903 3157 1986 fic
3211 1907 3448 1986 facere
3503 1903 3762 1998 debet3
3797 1903 3876 1982 8<

2318 2024 2589 2082 eorum
2643 2004 2777 2106 qui
2831 2005 3148 2104 dicunt,
3200 2009 3407 2107 quod
3460 2007 3722 2086 omnia
3776 2005 3879 2088 se·

2315 2119 2659 2201 quuntur
2708 2104 3132 2205 simplicem
3189 2109 3666 2190 voluntatem
3748 2106 3880 2187 ab·

2322 2204 2503 2303 sque
2556 2204 2809 2304 aliqua
2860 2208 3012 2286 alia
3063 2211 3354 2290 ratione
3391 2264 3429 2306 ,‚
3503 2208 3629 2290 vel
3681 2231 3877 2307 quae·

2323 2303 2547 2383 renda
2602 2304 2687 2383 in
2741 2307 3013 2405 rebuS,
3063 2311 3187 2391 vel
3242 2308 3730 2412 affignanda.·

2616 2440 2672 2503 C
2760 2441 2820 2504 Α
2910 2439 2958 2502 Ρ
3047 2440 3106 2504 U
3194 2438 3255 2500 T
3327 2468 3332 2474 ·
3420 2440 3621 2503 XXX.

2326 2519 2595 2605 Qualiter
2649 2525 2713 2583 in
2751 2518 2909 2583 rebus
2943 2521 3203 2679 afflati-:a
3217 2518 3318 2656 ‘Im
3363 2516 3532 2600 potest
3602 2520 3879 2602 neceffoeaes

2496 2723 2656 2799 Icet
2711 2731 2963 2800 autem
3020 2717 3283 2810 omnia
3355 2742 3449 2797 ex
3523 2717 3672 2804 Dei
3745 2744 3880 2800 vo-

2541 2823 2837 2903 luntate
2890 2821 3355 2922 dependeant
3407 2818 3880 2922 sicutexpri·

2323 2947 2447 3001 ma
2500 2923 2760 3025 causa,
2814 2946 2976 3023 quae
3030 2924 3109 3002 in
3157 2923 3542 3022 operando
3580 2924 3878 3005 necessi-

2323 3039 2558 3108 tatem
2615 3051 2772 3104 non
2827 3025 3058 3105 habet
3110 3024 3245 3104 nifi
3302 3049 3390 3105 ex
3445 3025 3877 3129 sui-propo-

2318 3124 2432 3207 fiti
2486 3126 2995 3228 suppositione
3040 3154 3084 3228 ,·
3152 3153 3306 3207 non
3378 3147 3636 3209 tamen
3714 3140 3882 3229 pro·

2329 3244 2497 3326 pter
2550 3232 2695 3313 hoc
2750 3230 3092 3310 absoluta
3143 3229 3522 3310 neceffitas
3579 3258 3624 3311 a
3653 3231 3877 3312 rebus

2318 3330 2803 3423 excluditur,
2877 3343 2964 3409 ut
3017 3328 3105 3409 fit
3173 3330 3663 3410 neceffarium
3738 3350 3877 3412 nos

2316 3426 2539 3508 fateri
2592 3429 2854 3508 omnia
2890 3428 3411 3529 contingentia
3455 3431 3597 3509 esse
3625 3429 3876 3531 :quod

2322 3529 2553 3627 posset
2585 3528 2835 3613 alicui
2892 3529 3133 3611 videri
3185 3553 3278 3610 ex
3332 3530 3479 3609 hoc
3557 3530 3871 3630 quoda

2316 3629 2529 3708 causa
2579 3630 2709 3711 sua
2746 3654 2907 3711 non
2939 3630 3036 3712 de
3072 3631 3496 3713 neceffitate
3530 3631 3873 3715 ablbluta

2317 3730 2747 3823 fluxerunt3
2811 3755 3054 3833 quum
3127 3732 3414 3816 soleant
3486 3733 3569 3816 in
3643 3737 3867 3817 rebus

2316 3834 2460 3915 effe
2526 3834 3055 3937 contingentes
3122 3833 3428 3917 effeetus
3473 3891 3505 3936 ,
3582 3837 3720 3938 qui
3775 3856 3874 3921 ex

2317 3934 2532 4019 causa
2554 3937 2678 4018 sua
2696 3937 2963 4040 nonde
2982 3937 3405 4019 necestitate
3427 3939 3864 4041 procedunt.

2432 4065 2493 4115 1.
2546 4042 2736 4121 Sunt
2787 4039 2995 4118 enim
3076 4040 3416 4139 quaedam
3492 4042 3578 4121 in
3651 4042 3872 4124 rebus

2322 4138 2588 4219 creatis
2638 4164 2817 4241 quae.
2873 4138 3315 4242 simpliciter
3381 4142 3459 4221 8<
3540 4141 3885 4224 absolute

2323 4240 2609 4320 necesse
2660 4240 2764 4323 est
2814 4243 2997 4322 effe.
3055 4243 3233 4324 Illas
3284 4242 3494 4322 enim
3546 4267 3659 4325 ree
3719 4240 3888 4325 fim-

2324 4341 2620 4461 pliciter
2666 4344 2743 4424 8<
2815 4344 3156 4425 absolute
3229 4346 3513 4427 necesse
3581 4342 3686 4425 est
3736 4347 3885 4427 effe

2322 4467 2406 4523 tn
2456 4444 2737 4546 quibus
2791 4470 2947 4526 non
2989 4445 3102 4526 est
3139 4445 3584 4547 poffibilitas
3607 4447 3702 4530 ad
3723 4472 3905 4528 non*

2321 4548 2507 4641 effe,
2543 4546 2902 4648 quaedam
2954 4566 3210 4629 autem
3264 4574 3379 4630 res
3430 4548 3529 4631 fic
3610 4551 3780 4629 sunt
3830 4574 3881 4629 a

2324 4651 2494 4728 Deo
2546 4647 2630 4727 in
2681 4648 3288 4751 effe-producta,
3342 4670 3428 4733 ut
3480 4649 3565 4732 in
3615 4673 3882 4732 earum

2327 4765 2599 4829 natura
2651 4750 2748 4832 fit
2792 4750 3137 4854 potentia
3180 4754 3271 4836 ad
3292 4780 3444 4835 non
3470 4752 3886 4855 effe:qu0d

2325 4850 2636 4968 quidem
2693 4854 3080 4955 contingit
3130 4880 3224 4936 ex
3277 4855 3677 4956 hocquod
3728 4878 3883 4936 mau-

2326 4969 2522 5059 tena
2572 4954 2661 5038 in
2711 4955 2821 5040 eis
2871 4955 2976 5043 est
3023 4957 3108 5038 in
3163 4956 3502 5056 potentia
3521 4957 3616 5042 ad
3634 4956 3880 5039 aliam

3103 5062 3182 5137 V
3285 5085 3330 5138 2
3738 5054 3886 5139 for·
