4597 5696
1327 315 1919 381 CONTRA
2006 316 2748 385 GENTILES
2834 316 3227 384 1.113.1.

685 457 782 514 ne
824 462 1151 527 ‘movens
1218 438 1288 515 se
1361 440 1597 540 ipsum
1667 456 2051 518 moveatur
2101 465 2231 541 per

686 540 1151 637 appetitum,
1208 557 1507 638 ‘oportet
1557 543 1752 639 quod
1805 561 2049 620 motor
2094 544 2227 642 qui

682 637 786 715 est
852 665 1010 739 pars
1077 641 1593 718 moventisfse
1634 642 1900 740 ,ipsum
1952 697 1978 737 ‚
2071 668 2225 721 rno-

682 748 856 817 veat
905 739 1008 836 (a)
1076 758 1367 839 propter
1443 742 1848 841 appetitum
1925 742 2229 843 alicujus·

682 840 1146 938 appetibilis,
1197 842 1391 941 quod
1442 842 1539 918 est
1593 868 1683 920 eo
1754 844 2076 943 superius
2149 846 2228 922 in

680 942 1125 1017 movendo:
1204 966 1377 1017 nam
1446 959 1792 1043 appetens
1878 943 1977 1021 est
2049 971 2228 1045 quo·

682 1042 1080 1117 dammodo
1156 1062 1462 1120 movens
1532 1059 1822 1121 motum
1871 1099 1898 1139 ‚
1951 1047 2222 1145 appeti-

683 1140 834 1215 bile
886 1160 1130 1219 autem
1185 1142 1284 1220 est
1336 1167 1643 1221 movens
1695 1145 2021 1223 omnino-
2073 1172 2226 1225 non

680 1244 1007 1318 motum.
1064 1246 1379 1343 Oportet
1430 1244 1658 1344 igitur
1707 1247 1847 1325 effe
1898 1248 2225 1346 primum

677 1358 1048 1419 motorem
1100 1344 1498 1444 separatum
1571 1345 1883 1426 omnino
1955 1348 2223 1426 immo-

680 1440 910 1523 bilem
961 1498 986 1536 ,
1039 1447 1169 1544 qui
1224 1451 1424 1524 Deus
1475 1445 1579 1523 est
1624 1504 1647 1523 .

780 1545 1162 1624 Praedictos
1215 1559 1460 1624 autem
1497 1549 1880 1631 Processus
1930 1550 2077 1631 duo
2117 1553 2228 1629 vi·

679 1644 938 1720 dentur
990 1645 1363 1723 infirmare
1413 1705 1431 1723 .

760 1746 1129 1838 ‘Quorum
1182 1747 1505 1844 primum
1559 1746 1660 1824 est
1697 1768 1744 1841 ·‚
1792 1750 1991 1845 quod
2069 1774 2232 1849 pro-

682 1846 949 1923 cedunt
983 1867 1071 1921 ex
1113 1845 1604 1943 suppositione
1642 1848 2062 1925 aeternitatis
2079 1873 2234 1925 mo-

682 1964 795 2023 tus
846 1946 1122 2048 ‚squod
1174 1946 1364 2043 apud
1413 1946 1831 2025 Catholicos
1902 1948 2236 2049 supponi·

679 2062 800 2124 tur
838 2046 1010 2143 'effes
1042 2042 1303 2120 falsum
1356 2102 1374 2119 .
1519 2056 1525 2061 ’

794 2145 894 2222 Et
945 2144 1057 2219 act
1088 2142 1229 2219 hoc
1298 2144 1688 2221 dicendum
1740 2198 1768 2239 ‚
1834 2149 2033 2244 quod
2103 2150 2226 2226 via

673 2242 1159 2323 efficaciffima
1209 2244 1300 2319 ad
1354 2246 1808 2342 probandum
1846 2249 2094 2325 Deum
2127 2250 2224 2324 es·

677 2345 747 2422 se
801 2399 827 2438 ‚
931 2343 1029 2420 est
1118 2368 1207 2421 ex
1288 2344 1779 2444 suppositione
1866 2348 2222 2427 novitatis

671 2443 930 2523 mundi
983 2488 1005 2524 ‚
1059 2470 1209 2521 non
1276 2454 1551 2523 autem‘
1604 2446 1709 2524 sic
1765 2472 1854 2525 ex
1908 2447 2224 2547 supposi-

678 2548 883 2623 tione
932 2546 1367 2623 aeternitatis
1408 2547 1712 2639 mundi,
1763 2573 1908 2646 qua
1958 2549 2154 2647 posit

674 2647 926 2724 minus
979 2647 1268 2723 videtur
1319 2648 1457 2725 esse
1509 2645 1973 2726 manifestum
2025 2674 2176 2750 quo

674 2752 879 2825 Deus
932 2746 1030 2824 sit
1077 2803 1100 2823 .
1155 2749 1362 2825 Nam
1413 2749 1475 2825 si
1530 2749 1888 2845 munduS,
1934 2764 2013 2827 ‘et
2064 2770 2218 2828 mo-

674 2851 791 2925 t‘us
872 2847 961 2925 de
1047 2873 1247 2926 novo
1312 2848 1682 2949 incepit,
1759 2850 2059 2948 planum
2128 2850 2228 2929 est

674 2948 873 3047 quod
959 2964 1250 3049 oportet
1328 2952 1507 3049 poni
1558 2951 1878 3050 aliquam
1932 2953 2225 3031 causam
2286 3030 2297 3036 ,

2328 435 2610 521 scilieet
2660 450 2994 537 oporteat
3044 436 3165 513 vel
3217 432 3462 513 statim
3537 437 3884 516 devenire

2329 540 2423 615 ad
2473 539 2799 638 primum
2849 559 3162 615 movens
3211 535 3609 615 immobile
3689 539 3884 639 sepa⁴

2329 657 2648 735 ratum,
2689 639 2816 717 ,vel
2889 639 2985 716 ad
3053 659 3360 714 movens
3429 635 3502 713 se
3570 638 3803 735 ipsum
3860 670 3887 736 3

2333 765 2422 817 ex
2474 765 2624 838 quo
2673 738 2918 818 statim
2946 736 3355 816 devenitur
3399 736 3495 814 ad
3559 761 3876 817 movens

2329 840 2657 940 primum
2711 840 3102 919 immobile
3179 839 3586 936 separatum
3633 895 3658 916 .
3869 882 3877 895 ·

2434 942 2772 1019 Procedit
2787 958 3038 1023 autem
3060 937 3534 1037 Philosophus
3565 939 3714 1017 alia
3754 939 3881 1023 via

2281 1039 2408 1117 'in
2464 1045 2561 1120 ΙΙ.
2596 1033 2930 1140 Metaph.
2984 1042 3203 1138 (text.
3258 1042 3723 1138 comm-vx.)
3780 1042 3881 1126 ad

2325 1141 2849 1220 ostendendum
2916 1168 3082 1220 non
3159 1140 3355 1240 posse
3412 1141 3723 1237 procedi
3787 1143 3885 1225 in

2326 1242 2704 1321 infinitum
2805 1244 2883 1320 in
2979 1241 3211 1320 causis
3304 1239 3797 1319 efficientibus
3847 1294 3880 1337 ‚

2330 1343 2452 1422 sed
2504 1346 2641 1422 effe
2696 1342 3230 1422 deveniendum
3275 1341 3374 1419 ad
3425 1366 3648 1418 unam
3707 1366 3885 1421 cau·
4009 1371 4013 1376 ’

2333 1444 2485 1522 sam
2588 1445 2906 1545 primam
2957 1472 2984 1539 ς
3117 1460 3193 1521 et
3277 1442 3465 1520 hanc
3566 1442 3884 1525 dicimus

2334 1550 2621 1624 Deum:
2677 1561 2752 1622 et
2805 1545 2954 1623 haec
3010 1545 3131 1622 via
3185 1543 3350 1625 talis
3401 1540 3558 1620 esti
3604 1547 3694 1620 In
3723 1570 3885 1622 om-

2332 1647 2564 1723 nibus.
2595 1646 2859 1723 causis
2959 1643 3446 1721 efficientibus
3530 1644 3886 1722 ordinatis

2328 1746 2658 1843 primum
2711 1744 2810 1821 est
2862 1745 3069 1821 causa
3122 1743 3397 1833 medii,
3424 1761 3498 1823 et
3548 1744 3882 1825 medium

2338 1843 2438 1923 est
2490 1845 2697 1921 causa
2749 1844 3048 1946 ultimi3
3101 1842 3258 1937 sive
3311 1841 3406 1917 sit
3458 1865 3737 1934 unum,
3789 1842 3882 1918 si·

2334 1968 2429 2021 ve
2482 1944 2632 2021 sint
2682 1945 2886 2043 plura
2939 1942 3179 2020 media
3207 1998 3232 2016 .
3278 1945 3597 2019 Remota
3626 1957 3880 2020 autern

2329 2045 2542 2122 causa
2596 2062 3014 2121 removetur
3079 2042 3156 2119 id
3204 2039 3407 2136 cnjus
3475 2039 3571 2116 est
3625 2043 3879 2119 causa.

2333 2145 2538 2241 Ergo
2587 2159 2875 2221 remoto
2924 2142 3168 2242 primo
3206 2195 3233 2236 ‚
3283 2140 3614 2218 medium
3669 2144 3880 2222 causa

2327 2245 2468 2321 esse
2522 2254 2673 2321 non
2723 2244 3050 2341 poterit.
3123 2241 3284 2322 Sed*
3335 2240 3403 2317 si
3455 2242 3884 2339 procedatur

2325 2343 2405 2420 in
2421 2343 2653 2422 causis
2671 2343 3160 2422 efficientibus
3194 2343 3273 2419 in
3298 2339 3702 2437 infinitum,
3720 2342 3885 2422 nul-

2328 2444 2400 2525 la
2450 2444 2824 2523 causarum
2876 2446 3017 2524 erit
3067 2444 3340 2544 prima.
3366 2445 3573 2540 Ergo
3621 2468 3888 2524 omnes

2325 2545 2492 2623 aliae
2543 2545 2942 2638 tollentur,
2974 2569 3133 2659 quae
3183 2543 3352 2620 sunt
3399 2543 3679 2620 mediae.
3714 2549 3885 2624 Hoc

2321 2662 2600 2723 autem*
2645 2646 2742 2723 est
2816 2641 3510 2722 mamfestesfalsum
3555 2696 3579 2718 .
3647 2646 3878 2742 'Ergo

2320 2762 2612 2845 oportet
2679 2770 2948 2846 ponere
2999 2744 3319 2845 primam
3371 2740 3666 2821 cau-sam
3716 2744 3881 2823 effi·

2325 2847 2648 2927 cientem
2719 2850 2858 2927 effe
2912 2903 2938 2944 ,
2988 2872 3148 2947 quae
3207 2848 3406 2923 Deus
3457 2840 3614 2921 esta
3889 2943 3897 2951 .

2435 2948 2672 3026 Potest
2723 2950 2948 3027 etiam
2977 2966 3077 3027 et
3143 2943 3291 3024 alia
3363 2943 3553 3023 ratio
3623 2942 3884 3045 colligi

3807 345 3970 417 19Ἰ

676 3072 835 3147 quae
890 3049 978 3125 de
1030 3075 1233 3128 novo
1282 3053 1628 3148 producat
1678 3053 2035 3130 mundum
2072 3107 2097 3149 ,
2151 3070 2226 3132 et
2327 3075 2416 3129 ex
2468 3050 2711 3129 verbis
2765 3047 3180 3127 Aristotelis
3237 3047 3317 3123 in
3359 3050 3456 3125 11.
3488 3045 3660 3122 Lib.
3693 3049 3883 3123 .Me·

679 3166 970 3226 motum
1027 3175 1044 3224 ε
1098 3149 1271 3248 quia
1355 3176 1577 3227 omne
1628 3155 1824 3249 quod
1874 3155 1965 3229 de
2020 3173 2221 3233 novo
2326 3151 2517 3250 taph.
2567 3151 2598 3249 (
2650 3163 2862 3230 textu·
2904 3171 3176 3230 comm.
3224 3174 3372 3238 ,1v.
3442 3146 3473 3243 )
3546 3143 3887 3262 Ostendit

678 3247 809 3347 fit,
861 3251 954 3324 ab
1008 3249 1258 3347 aliquo
1309 3249 1742 3328 innovatore
1796 3271 2084 3350 oportet
2120 3256 2225 3331 su·
2329 3255 2534 3328 enim
2591 3252 2696 3329 ibi
2749 3253 2947 3352 quod
2998 3275 3082 3329 ea
3133 3276 3290 3350 quae
3346 3249 3888 3326 sunt-maxime

680 3372 882 3426 mere
966 3349 1332 3447 originem
1387 3375 1409 3439 ς
1461 3374 1631 3427 cum
1705 3351 1892 3427 nihil
1972 3354 2229 3431 educat
2329 3363 2502 3428 vera
2536 3404 2562 3444 ‚
2622 3352 2786 3430 sunt
2838 3370 2911 3430 et
2963 3353 3282 3430 maxime
3336 3347 3532 3427 entia
3562 3402 3580 3423 .
3639 3352 3725 3425 In
3750 3352 3890 3432 IV.

681 3449 767 3526 se>
807 3450 898 3526 de
949 3449 1407 3552 potentia‘in
1458 3467 1752 3547 actum,
1808 3451 1925 3530 vel
1958 3454 2046 3529 de
2082 3478 2234 3530 non
2336 3452 2562 3528 etiarn
2618 3456 2956 3553 Metaph;
3006 3453 3034 3550 (
3085 3470 3258 3531 text.
3309 3472 3578 3528 comm.
3615 3447 3888 3545 v111.)

681 3549 824 3648 esse
878 3550 957 3626 in
1011 3552 1151 3627 efl'e
1202 3608 1221 3627 .
1415 3554 1424 3561 ’
1807 3582 1816 3590 ·
2335 3551 2645 3630 ostendit
2695 3555 2832 3630 effe
2883 3551 3162 3653 aliquid
3213 3551 3534 3630 maxime
3587 3572 3880 3645 verum,

694 3673 703 3678 ·
760 3652 1198 3730 *Secundum
1277 3649 1379 3729 est
1431 3703 1459 3748 ,
1581 3651 1725 3730 uod
1804 3651 2230 3754 supponitur
2331 3678 2420 3731 ex
2470 3652 2630 3731 hoc?
2661 3655 2882 3754 quod>
2910 3653 3243 3732 videmus
3293 3655 3605 3731 duorum
3675 3648 3887 3727 falso-

680 3750 766 3850 in
834 3751 1190 3852 praedictis
1272 3676 2007 3833 demencitrationibus
2084 3755 2226 3855 pri·
2328 3778 2495 3832 rum
2547 3780 2778 3833 unum
2829 3755 3063 3834 altero
3114 3758 3251 3832 effe
3304 3751 3540 3852 magis
3593 3747 3880 3830 falsum:

681 3875 897 3929 mumw
943 3863 1230 3930 motum
1284 3865 1313 3947 ³,
1365 3852 1639 3931 scilieet
1682 3880 1948 3954 corpus
2033 3857 2229 3934 caele-
2335 3858 2524 3933 unde
2577 3873 2866 3956 oportet
2917 3873 3000 3934 ut
3047 3850 3357 3934 alterurn
3409 3856 3506 3932 sit
3532 3851 3758 3930 etiam
3785 3848 3889 3929 al-

681 3953 784 4030 ste
836 4007 863 4047 ‚
917 3956 1055 4029 effe
1108 3968 1397 4030 motum
1452 3979 1540 4031 ex
1594 3955 1663 4032 se
1717 3985 1735 4032 ε
1791 3980 1879 4034 ex
1931 3982 2080 4055 quo
2134 3957 2231 4033 se·
2339 3972 2500 4036 tero
2552 3960 2797 4036 verius
2851 4015 2870 4035 .
2928 3961 3096 4035 Hoc
3149 3959 3399 4034 autem
3456 3953 3554 4032 est
3639 3953 3885 4033 secun·-

682 4052 930 4153 quitur
982 4053 1220 4152 ipsum
1274 4055 1416 4130 effe
1494 4056 1903 4136 animatum
1955 4102 1979 4139 2
2031 4059 2233 4157 quod
2336 4058 2512 4134 dum
2557 4055 3276 4157 ‘approximationem
3313 4057 3403 4134 ad
3450 4056 3523 4133 id
3554 4040 3884 4152 quodest

691 4177 734 4228 a
784 4153 1042 4231 multis
1094 4179 1247 4230 non
1299 4156 1719 4250 conc-‘editur
1770 4213 1789 4232 .
2311 4157 2785 4256 ,simpliciter
2819 4161 2891 4235 8<
2944 4157 3268 4234 maxime
3319 4181 3624 4235 verum.
3831 4219 3837 4225 .

789 4257 893 4332 Et
963 4254 1055 4340 ad
1122 4253 1291 4331 hoc·
1334 4255 1723 4334 dicendum
1794 4256 1893 4335 est
1943 4312 1970 4352 ‚
2043 4260 2238 4358 quod
2445 4262 2560 4336 Ex
2611 4257 2878 4373 quibus
2929 4255 3265 4336 concludi
3317 4256 3572 4360 ‘potest
3621 4312 3650 4354 .,
3685 4255 3888 4338 *ulte-

688 4350 755 4432 si
806 4353 1130 4452 primum
1183 4379 1493 4433 movens
1544 4382 1695 4434 non
1752 4360 2048 4457 ponitur
2080 4386 2237 4437 mo·
2338 4356 2488 4436 'rius
2540 4363 2680 4436 esse
2754 4358 3033 4457 aliquid
3113 4361 3310 4458 quod
3381 4360 3479 4438 est
3555 4361 3882 4440 maxime

686 4468 850 4531 tum
903 4477 992 4531 ex
1043 4453 1113 4530 se
1166 4508 1191 4550 ,
1242 4474 1529 4555 oportet
1578 4460 1775 4574 quod
1855 4478 2263 4545 moveatur-

687 4554 1117 4631 immediate
1168 4580 1211 4631 a
1263 4557 1547 4655 penitus
1601 4560 2019 4637 1mm'obili.
2076 4555 2230 4641 Un-

686 4656 777 4733 de
861 4654 1088 4734 etiam
1122 4656 1576 4736 -·A1·istoteles
1657 4660 1782 4737 sub
1863 4661 2229 4741 divisione

684 4757 872 4836 hanc
957 4755 1508 4837 conclusionem
1593 4760 1875 4841 inducit
1922 4816 1950 4860 ,
2030 4763 2226 4864 quod

664 4931 683 4961 ,Ι

734 4952 3799 5034 mmm-mm

1922 5065 1927 5072 .
2044 5054 2051 5060 ·
2232 5039 2265 5066 0-
2304 5057 2340 5066 ι·
2473 5056 2559 5071 0-οο
2621 5057 2648 5072 §⁹
2699 5062 2822 5083 ‘30⁷
2871 5066 2903 5074 -σι
2967 5069 2988 5076 -
3037 5063 3073 5076 ο·
3110 5067 3160 5078 0⁷·
3240 5083 3258 5092 -
3294 5068 3309 5081 h
3357 5069 3369 5080 Ο
3413 5073 3420 5078 ·
3595 5071 3603 5081 ⁸
3669 5077 3736 5091 3-

828 5015 921 5081 (a)
957 5023 1039 5072 An
1072 5033 1165 5090 per
1186 5019 1537 5093 appetitum!
1605 5054 1611 5060 ·

2337 4462 2634 4556 en5,&
2688 4461 2827 4540 hoc
2878 4461 3191 4539 dicimus
3246 4465 3493 4540 Deum
3539 4517 3557 4538 .
3614 4461 3882 4539 Adhuc

2335 4562 2578 4639 etiam‘
2615 4560 2986 4641 inducitur
3035 4588 3078 4638 a
3132 4562 3653 4657 Damasceno(
3709 4560 3874 4639 Lib.

2337 4667 2416 4741 1:
2446 4689 2600 4764 cap.
2667 4681 2829 4741 11‘1.
2885 4664 2912 4761 )
2962 4663 3105 4741 alia
3157 4667 3397 4759 rati0‚
3453 4665 3734 4761 sumpta
3771 4681 3879 4740 ex

2328 4787 2571 4844 rerum
2594 4764 3121 4866 gubernatione
3143 4817 3169 4860 ‚
3222 4790 3444 4866 quam
3500 4764 3725 4841 etiam
3770 4761 3877 4873 in·

3075 4872 3140 4945 C
3247 4897 3291 4944 2
3704 4873 3877 4938 nult
