4597 5696
1342 365 1947 441 ‘CONTRA
2033 372 3248 445 GENTILESLIB.1.·
3815 408 3887 462 ιι

687 481 803 565 tio
850 483 1170 567 humana
1222 484 1653 582 investigare
1720 476 1948 578 potest
1970 532 2052 595 .’.
2093 477 2237 578 pri-

686 611 819 665 mo
869 590 1182 667 occurrit
1233 581 1705 664 confideratio
1773 580 1862 658 de
1914 579 2027 657 lus
2076 600 2234 679 quae

608 722 626 740 ·
688 688 859 766 Deo
912 689 1302 767 secundum
1354 685 1425 762 se
1476 681 1712 784 ipsum
1760 681 2234 759 conveniunt.

682 785 714 883 (
772 789 935 867 Lib.
994 791 1049 866 1.
1102 789 1131 884 )
1200 784 1531 867 Secundo
1594 806 1772 861 vero
1815 782 1910 860 de
1963 779 2236 879 proces-

685 886 767 964 su
819 908 1309 966 creaturarum
1361 888 1454 963 ab
1508 885 1702 984 ipso.
1754 883 1782 980 (
1839 884 2003 961 Lib.
2060 885 2157 959 ΙΙ.
2209 880 2239 979 )

682 986 951 1066 Tertio
1003 1004 1245 1066 autem
1278 989 1388 1065 ‘de
1437 987 1695 1065 ordine
1741 999 2234 1063 creaturarum

680 1086 781 1166 in
812 1088 1054 1188 ipsum
1105 1091 1292 1169 sicut
1344 1089 1422 1167 in
1473 1087 1700 1165 finem
1742 1140 1760 1161 .
1810 1084 2024 1181 (Lib.
2048 1083 2233 1182 111.)

2335 476 2688 557 monstrat
2726 535 2747 555 .
2821 478 3043 558 Unde
3118 477 3334 560 restat
3383 483 3584 582 quod
3631 486 3888 568 Deuni

2336 579 2534 671 esse,
2586 603 2715 678 per
2765 579 2833 657 se
2887 597 3146 658 notum
3167 579 3265 681 est
3293 634 3320 674 ‚
3369 585 3574 681 quasi
3613 612 3705 667 ex
3731 590 3884 689 ipsa

2336 676 2873 778 significatione
2923 681 3246 758 nominis
3283 682 3747 763 manifestum
3767 692 3884 769 sit.

2445 808 2510 858 2.
2584 786 2774 858 Item
2814 837 2835 858 .
2899 782 3229 878 Cogitari
3304 785 3604 881 quidem
3657 790 3906 889 potest²

2335 884 2532 979 quod
2582 882 2862 981 aliquid
2907 883 3004 961 sit
3051 884 3250 981 quod
3301 908 3453 961 non
3503 887 3717 985 poflit
3763 915 3884 969 co-

2336 981 2553 1079 gitari
2605 1008 2756 1059 non
2808 983 2998 1074 esse,
3052 983 3250 1083 quod
3301 985 3532 1079 majus
3581 989 3681 1066 est
3730 994 3884 1073 evi-

2335 1083 2588 1163 denter
2657 1104 2749 1160 co
2811 1082 3015 1183 ‘quod
3091 1082 3320 1182 potest
3367 1088 3676 1185 cogitari
3730 1118 3884 1173 non

784 1192 983 1265 Inter
1051 1215 1136 1267 ea
1185 1215 1363 1268 vero
1412 1214 1571 1289 quae
1621 1188 1711 1266 de
1769 1188 1935 1265 Deo
1985 1182 2233 1261 secun-4.
2328 1181 2518 1259 esse.
2573 1183 2695 1261 Sic
2747 1205 2924 1282 ergo
2978 1187 3144 1262 Deo
3181 1184 3461 1284 aliquid
3511 1188 3743 1283 majus
3761 1219 3883 1270 co-

674 1287 854 1366 dum
890 1290 1229 1391 seipsum
1264 1288 1780 1369 consideranda
1802 1287 2003 1379 sunt,
2055 1309 2226 1383 prae·
2326 1283 2551 1382 gitari
2599 1285 2836 1384 posset
2875 1338 2904 1378 ‚
2971 1284 3034 1362 si
3090 1284 3239 1384 ipse
3289 1287 3523 1384 posset
3572 1292 3884 1390 cogitari

615 1422 619 1426 >
676 1389 1121 1470 mittendum
1174 1391 1272 1470 est
1311 1393 1516 1492 quasi
1568 1389 1794 1468 totius
1844 1386 2083 1487 operis
2107 1407 2271 1464 neu
2330 1409 2484 1463 non
2536 1386 2682 1465 esse
2723 1413 2749 1481 ς
2784 1384 3014 1500 'quod
3065 1385 3165 1463 est
3213 1407 3468 1466 contra
3518 1390 3884 1476 rationein

670 1492 1050 1570 cessarium
1104 1491 1677 1571 fundamendum
1728 1541 1756 1583 ‚
1826 1488 2227 1567 considera·
2328 1485 2653 1565 nominis
2696 1541 2715 1560 .
2810 1487 3286 1585 Relinquitur
3373 1489 3600 1587 igitur
3685 1496 3883 1594 quod

672 1590 783 1667 tio
808 1616 949 1690 qua
986 1592 1512 1672 demonstratur
1546 1597 1791 1670 Deum
1813 1591 1987 1666 ess'e.
2042 1592 2222 1687 Quo
2324 1591 2574 1669 Deum
2624 1587 2773 1667 esse
2799 1639 2826 1682 ‚
2877 1611 3008 1688 per
3058 1587 3131 1665 se
3178 1606 3440 1667 notum
3491 1591 3590 1669 est
3616 1649 3639 1669 .
3859 1640 3864 1651 ·

667 1714 823 1768 non
876 1692 1128 1770 habito
1176 1745 1203 1785 ‚
1277 1690 1640 1792 supposita
1692 1690 1936 1766 omnis
1969 1690 2219 1766 -consi-
2396 1714 2495 1787 ·3.
2553 1689 2858 1765 Adhuc.
2909 1687 3444 1783 Propositiones
3475 1690 3635 1771 illas
3666 1718 3877 1790 opor·

669 1789 951 1872 deratio
1001 1794 1092 1873 de
1116 1792 1328 1874 rebus
1362 1789 1633 1870 divinis
1683 1789 2073 1872 necess'ario
2091 1787 2225 1871 tol·
2328 1800 2436 1862 tet
2486 1786 2633 1863 esse
2686 1786 3087 1863 notiffimas
3138 1810 3268 1883 per
3336 1787 3407 1862 se
3479 1790 3559 1866 in
3610 1794 3881 1891 quibus

669 1887 882 1972 litut.
2327 1884 2525 1963 idem
2577 1886 2667 1962 de
2721 1887 2790 1962 se
2843 1884 2999 1984 ipso
3046 1884 3472 1984 praedicatur
3504 1943 3529 1981 ‚
3581 1908 3664 1970 ut
3719 1895 3874 1970 Ho-

1005 1991 1062 2052 C
1143 1993 1205 2056 A
1293 1990 1342 2052 Ρ
1430 1989 1489 2051 U
1575 1987 1639 2049 Τ
1798 1984 1881 2051 Χ·
2320 2008 2452 2067 mo
2518 1983 2618 2066 est
2687 1985 2916 2063 homo
2958 2039 2983 2078 ‚
3051 1985 3174 2063 vel
3240 2011 3552 2085 quarum
3624 1993 3872 2091 praedi·

677 2104 782 2177 De
823 2112 1072 2193 opinione
1111 2097 1416 2170 dicentium
1447 2150 1466 2182 ‚
1504 2082 1676 2186 'quod
1712 2106 1896 2166 Deum
1936 2104 2040 2182 effe
2062 2149 2082 2186 ‚
2123 2105 2215 2166 de-
2315 2104 2478 2162 cata
2547 2084 2629 2162 in
2726 2085 3294 2165 diffinitionffius
3355 2086 3876 2187 'subjectorum

897 2187 1188 2268 monstrare·
1225 2210 1334 2248 »οη
1370 2184 1570 2263 Potest,
1613 2206 1739 2245 cum
1775 2184 1847 2259 fic
1876 2200 1982 2266 ‘per
2313 2184 2782 2263 includuntur
2819 2236 2846 2279 ‚
2919 2202 3002 2264 ut
3074 2189 3333 2265 Homo
3403 2187 3502 2267 est
3554 2192 3873 2273 animal.

924 2325 929 2328 ’
1280 2267 1345 2346 s‘
1378 2285 1609 2331 notum.
2314 2287 2404 2364 In
2461 2288 2627 2364 Deo
2677 2303 2926 2366 autem
2979 2286 3120 2366 hoc
3172 2311 3316 2387 prae
3368 2289 3532 2368 aliis
3587 2292 3870 2373 inveni-

881 2390 1086 2468 AEC
1156 2398 1404 2465 autem
1497 2381 1984 2465 consideratio
2066 2405 2214 2487 qua
2316 2400 2436 2465 tur
2465 2440 2490 2482 ,
2543 2404 2626 2466 ut
2675 2387 2865 2465 infra
2913 2386 2944 2483 (
2993 2412 3150 2488 cap.
3200 2413 3339 2467 2³11
3363 2416 3419 2469 ι.
3473 2390 3503 2488 )
3549 2394 3874 2474 ostende-

925 2489 1087 2590 quis
1140 2488 1402 2566 nititur
1452 2487 1544 2564 ad
1578 2485 2209 2566 demonstrandum
2317 2502 2434 2565 tur
2485 2541 2513 2582 ‚
2582 2490 2777 2588 quod
2833 2488 3038 2566 suum
3091 2489 3242 2567 esse
3312 2488 3415 2567 est
3469 2492 3590 2570 sua
3640 2497 3871 2576 essen·

659 2599 911 2673 Deum
966 2592 1105 2668 ess'e
1132 2645 1158 2682 ‚
1216 2588 1572 2690 superflua
1607 2586 1892 2665 fortaffe
1918 2588 2208 2688 quibus·
2310 2588 2456 2665 tia:
2510 2614 2594 2667 ac
2643 2589 2707 2667 si
2762 2588 2960 2667 idem
3009 2589 3110 2668 sit
3157 2591 3354 2688 quod
3404 2591 3872 2692 respondetur

654 2694 827 2775 darn
896 2691 1266 2771 videbitur
1317 2743 1343 2787 ‚
1443 2689 1575 2789 qui
1652 2692 1963 2767 afferunt
2011 2691 2208 2789 quod
2298 2688 2402 2765 ad
2454 2689 2924 2788 quaestionem
2977 2689 3162 2786 quid
3207 2687 3362 2789 est,
3409 2691 3483 2769 8<
3534 2696 3626 2770 ad
3674 2720 3886 2796 quae·.

656 2798 907 2876 Deum
974 2792 1114 2872 ess‘e
1182 2814 1312 2893 per
1383 2790 1455 2869 se
1506 2802 1764 2869 notum
1845 2789 1942 2866 est
1995 2843 2023 2885 ,
2105 2790 2207 2868 ita
2310 2788 2642 2875 stionem
2674 2816 2780 2867 an*
2823 2788 2928 2887 est
2969 2847 2988 2865 .
3065 2790 3189 2869 Sic
3239 2814 3418 2890 ergo
3464 2816 3638 2872 curn
3687 2796 3870 2876 dici·

654 2895 855 2995 quod
928 2892 1081 2991 ejus
1153 2891 1600 2974 contrarium
1666 2891 1979 2993 cogitari
2053 2915 2207 2970 non
2308 2905 2428 2970 tur
2467 2944 2492 2986 ,
2572 2896 2771 2970 Deus
2823 2890 2922 2968 est
2963 2945 2991 2986 ‚
3118 2892 3537 2971 raedicatum
3588 2896 3710 2974 vel
3761 2895 3870 2975 est

2305 2991 2506 3069 idern
2557 2990 2926 3088 subjecto,
2977 3015 3072 3068 ve
3155 2991 3410 3070 saltem
3464 2994 3545 3071 in
3593 2996 3866 3076 diffini·

2305 3093 2507 3171 tione
2530 3091 2830 3190 subjecti
2855 3090 3292 3178 includitur3
3342 3092 3418 3172 δε
3450 3093 3556 3173 ita
3610 3101 3865 3180 Deum

2309 3194 2496 3289 esse,
2547 3218 2676 3294 per
2729 3192 2801 3270 se
2850 3208 3113 3271 notum
3165 3192 3345 3271 erit·

653 2995 870 3097 poffit
919 3022 943 3088 ς
992 2996 1065 3072 8<
1114 2994 1222 3074 sic
1279 2998 1526 3076 Deum
1578 2996 1715 3073 effe
1767 2992 2202 3073 demonstra·

650 3095 718 3177 ri
770 3120 921 3174 non
974 3095 1242 3194 potest.

767 3223 827 3273 1.
882 3196 1108 3290 Quod
1178 3191 1476 3294 quidem
1546 3193 1834 3274 videtur
1906 3214 1998 3273 ex
2050 3191 2204 3275 his.

653 3293 791 3376 Illa
840 3296 1045 3373 enim
1096 3295 1227 3394 per
1294 3295 1366 3372 se
1417 3297 1556 3372 esse
1623 3307 1802 3372 nota
1870 3295 2207 3373 dicuntur

651 3421 812 3497 quae
867 3393 1108 3473 statim
1159 3395 1354 3475 notis
1387 3395 1721 3474 terminis
1770 3397 2211 3492 cognoscun-

651 3514 773 3575 tur
823 3550 850 3593 ‚
916 3496 1106 3576 sicut
1173 3496 1476 3596 cognito
1527 3496 1705 3596 quid
1775 3493 1874 3571 est
1927 3508 2210 3591 totum,

655 3598 728 3675 8<
782 3599 960 3699 quid
1014 3595 1114 3675 est
1165 3621 1328 3698 pars
1379 3651 1402 3692 ‚
1456 3594 1699 3674 statim
1749 3595 2208 3694 cognoscitur

649 3701 851 3799 quod
901 3721 1124 3778 omne
1174 3714 1416 3777 toturn
1470 3697 1569 3775 est
1622 3695 1857 3793 majus
1911 3696 2031 3774 sua
2047 3720 2206 3797 par·

650 3810 727 3877 te
780 3857 798 3876 .
872 3798 1312 3897 Huiusmodi
1342 3817 1613 3903 3autem
1665 3797 1764 3876 est
1818 3798 1959 3876 hoc
2008 3799 2230 3897 quod·

649 3900 964 3980 dicimus
1032 3901 1281 3976 Deum
1359 3900 1505 3979 esse
1562 3926 1581 3972 τ
1669 3923 1847 3978 nam
1897 3900 2202 3978 nornine

644 4001 794 4106 Dei
849 3998 1333 4098 intelligimus
1401 4000 1680 4102 aliquid
1744 4025 1897 4099 quo
1971 4000 2202 4106 maius

643 4103 949 4200 eogitari
1004 4123 1159 4181 non
1206 4100 1433 4200 potest
1467 4159 1487 4190 ,
1571 4105 1742 4182 Hoc
1819 4118 2066 4178 autern
2122 4100 2201 4178 in

644 4197 1024 4282 intellectu
1078 4199 1432 4281 formatur
1485 4204 1580 4280 ab
1630 4229 1723 4281 eo
1770 4203 1900 4303 qui
1953 4202 2199 4295 audit,

2408 3322 2481 3392 4.
2537 3293 2882 3394 Amplius
2903 3349 2921 3370 .
2978 3295 3165 3394 Quae
3217 3293 3645 3373 naturaliter
3694 3297 3862 3383 sunt

2309 3412 2484 3472 nota
2504 3448 2531 3488 .,
2581 3419 2709 3494 per
2750 3395 2821 3471 se
2841 3394 3408 3492 cognoscuntur:
3465 3423 3617 3480 non
3656 3401 3862 3479 enim

2307 3495 2401 3573 ad
2473 3519 2560 3571 ea
2629 3495 3127 3592 cognoscenda
3178 3495 3673 3594 inquisitionis
3724 3498 3863 3579 stu-

2310 3594 2435 3672 dio
2508 3594 2929 3694 pervenitur
2967 3651 2987 3671 .
3063 3599 3312 3673 Deum
3363 3615 3610 3682 autem
3662 3599 3861 3697 esse,

2306 3695 2732 3774 naturaliter
2779 3712 3040 3773 notum
3091 3695 3245 3792 est,
3291 3720 3463 3774 cum
3509 3698 3585 3775 in
3613 3702 3856 3782 Deum

2305 3798 2730 3876 naturaliter
2750 3796 3183 3875 desiderium
3237 3798 3560 3877 hominis
3607 3804 3859 3883 tendat

2302 3898 2490 3976 sicut
2561 3898 2652 3976 ad
2723 3897 3072 3976 ultimum
3143 3898 3371 3977 finem
3414 3950 3441 3993 ‚
3511 3919 3595 3979 ut
3668 3900 3857 3981 infra
3895 3960 3900 3968 -

2296 3999 2329 4094 (
2386 3998 2549 4075 Lib.
2605 4003 2740 4077 ΙΙΙ.
2791 3997 2950 4100 capi
2994 4024 3162 4077 xxv.
3216 4000 3244 4095 )
3317 4000 3597 4102 patebit
3630 4057 3649 4078 .
3729 4004 3857 4086 Est

2303 4099 2529 4197 igitur
2579 4124 2706 4198 per
2757 4100 2826 4178 se
2877 4118 3140 4177 notum
3193 4105 3440 4178 Deum
3492 4102 3679 4180 esse.
3827 4115 3837 4126 '
3981 4141 3982 4144 ¹

2410 4227 2472 4296 ς.
2531 4205 2718 4280 ltem
2744 4256 2764 4276 .
2821 4200 3010 4278 Illud
3055 4225 3189 4306 per
3239 4202 3310 4279 se
3330 4217 3592 4279 notum
3641 4229 3856 4304 opor·

2301 4315 2408 4380 tet
2456 4301 2605 4380 esse
2678 4326 2826 4400 quo
2901 4301 3155 4378 omnia
3207 4302 3374 4380 alia'
3404 4307 3850 4402 cognoscun·

2292 4419 2450 4483 tur.
2510 4407 2708 4482 Deus
2760 4416 3005 4481 autem
3060 4400 3468 4496 hujusmodi
3521 4404 3675 4484 est:
3753 4408 3850 4488 si.

2292 4521 2418 4582 cut
2469 4502 2670 4580 enim
2724 4503 2849 4581 lux
2903 4502 3089 4582 Solis
3139 4504 3588 4620 principium
3642 4507 3739 4584 est
3768 4534 3850 4588 o·

638 4300 716 4377 8<
766 4301 1119 4403 intelligit
1169 4327 1441 4381 nornen
1494 4304 1642 4382 Dei
1683 4358 1710 4398 ‚
1782 4319 1865 4381 ut
1913 4303 2020 4380 sic
2072 4303 2200 4379 sal-

639 4416 799 4478 tem
855 4402 932 4480 in
985 4402 1358 4482 intellectu
1415 4406 1563 4496 iam
1617 4407 1865 4482 Deum
1918 4401 2064 4481 esse
2116 4431 2192 4482 o-

635 4519 971 4679 forteat.
1009 4508 1193 4583 -Nec
1242 4506 1474 4607 potest
1528 4507 1605 4583 in
1658 4503 2034 4582 intellectu
2089 4504 2191 4582 so-

671 4605 1048 4684 umesse:
1145 4629 1318 4682 nam
1370 4608 1565 4707 quod
1641 4607 1721 4683 in
1776 4604 2191 4700 intellectu,

638 4703 717 4782 8<
768 4702 848 4783 in
898 4730 996 4785 re·
1030 4706 1128 4785 est
1183 4761 1210 4802 ‚
1244 4798 1249 4803 Α
1287 4709 1519 4802 majus
1570 4706 1669 4786 est
1722 4731 1813 4786 eo
1863 4706 2059 4805 quod
2111 4708 2189 4798 in

644 4803 801 4883 solo
853 4808 1227 4890 intellectu
1282 4805 1382 4884 est
1413 4863 1433 4883 .
1490 4812 1655 4886 Deo
1704 4825 1951 4887 autem
2000 4800 2191 4886 nihil

642 4903 743 4986 est
795 4909 1074 5014 majus,
1127 4930 1209 4995 ut
1260 4908 1415 5015 ipsa
1463 4908 1795 5012 nominis
1836 4910 2027 4994 ratio
2074 4909 2193 4992 de·

2291 4732 2388 4782 na
2439 4706 2563 4783 lux
2613 4705 2855 4784 omnis
2928 4706 3418 4806 intelligibilis
3487 4708 3847 4806 cognitio-

2294 4806 2409 4885 nis
2459 4806 2904 4907 principium
2955 4807 3120 4902 est3
3190 4821 3363 4907 cum
3412 4808 3509 4886 sit
3563 4810 3639 4885 in
3692 4835 3844 4909 quo

2290 4908 2619 5010 primum
2669 4908 2993 4994 maxime
3063 4906 3318 5097 lgmen
3369 4908 3839 5020 intelligibile

3247 5035 3291 5089 2
3707 5032 3834 5088 an·

2292 4605 2488 4682 mnis
2537 4604 2849 4682 visibilis
2901 4607 3382 4704 perceptionis
3425 4660 3452 4702 ,
3513 4609 3613 4686 ita
3661 4609 3906 4688 divi-⁰
4001 4607 4010 4614 ’
