4597 5696
682 350 806 437 n·
1359 322 1501 402 151³
1555 325 2139 401 ventris-rr„
2198 333 2914 407 cArrrochE
2969 332 3280 411 From

692 447 1189 539 monstrativis
1279 469 1486 526 mens
1574 446 1812 525 nostra
1894 446 2263 524 inducitur
2367 459 2522 523 tem
2573 460 2958 542 movetur3
2990 470 3169 547 ergo
3218 449 3312 526 ab
3375 446 3527 529 alio
3573 452 3928 530 movente

701 552 1118 657 huiusmodi
1171 545 1735 649 propositionem
1784 548 1875 627 de
1917 550 2082 624 Deo
2121 544 2262 624 sor-
2367 560 2728 623 movetur.
2786 552 2942 625 Aut
2991 571 3171 648 ergo
3221 546 3319 626 est
3392 573 3608 650 proce
3622 554 3792 631 dere
3844 553 3925 628 in

699 680 913 741 mare
946 698 975 748 ς
1022 677 1167 751 qua
1220 649 1578 748 exprimat
1631 652 1877 727 Deum
1936 648 2082 725 esse
2126 703 2153 723 .
2360 645 2736 722 infinitum
2789 699 2816 739 ‚
2866 664 2991 725 aut
3055 649 3157 726 est
3227 651 3567 730 devenire
3656 655 3749 731 ad
3800 653 3931 730 ali·

810 760 899 837 In
951 751 1353 831 rationibus
1404 766 1652 828 autem
1702 749 1785 826 in
1834 748 2096 848 quibus
2140 747 2259 840 de·
2357 748 2555 845 quod
2596 770 2904 825 movens
2949 748 3336 829 immobile
3363 807 3383 827 .
3428 754 3568 833 Sed
3620 778 3773 833 non
3827 751 3934 831 est

697 850 1140 941 monssratur
1191 857 1437 931 Deum
1488 851 1635 928 esse
1686 903 1713 945 ,
1762 874 1913 927 non
1964 862 2252 947 oportet
2349 849 2737 946 procedere
2790 848 2869 924 in
2920 848 3335 929 infinitum.
3379 855 3582 953 Ergo
3631 853 3918 934 neeesse

702 959 974 1039 assumi
1027 978 1162 1071 pro
1211 952 1460 1030 medio
1510 950 1843 1029 divinam
1871 948 2259 1029 essentiam
2359 946 2462 1024 est
2533 962 2803 1047 ponere
2861 948 3171 1049 ,aliquod
3237 951 3562 1055 primum
3613 975 3924 1034 movens

705 1061 855 1141 sive
922 1054 1408 1157 quidditatem
1460 1103 1487 1146 ‚
1558 1066 1641 1130 ut
1716 1051 2020 1129 secunda
2069 1049 2262 1127 ratio
2360 1047 2755 1127 immobile
2779 1104 2800 1126 .

708 1158 1162 1263 proponebat
1212 1182 1236 1247 ε,
1290 1153 1406 1229 sed
1458 1151 1625 1230 loco
1677 1148 2100 1249 quidditatis
2153 1174 2271 1230 ac·
2483 1151 2574 1226 In
2627 1148 2761 1227 hac
2812 1165 3065 1229 autem
3117 1153 3546 1251 probatione
3592 1155 3754 1233 sunt
3774 1155 3933 1232 duae

698 1259 975 1363 cipitur
1025 1278 1161 1357 pro
1212 1253 1462 1329 medio
1512 1250 1814 1329 effectus
1852 1304 1877 1346 ,
1930 1248 2107 1330 ficut
2157 1274 2273 1329 ac·
2373 1248 2896 1348 propofitiones
2946 1254 3328 1351 probandae
3354 1309 3381 1351 ,
3427 1255 3698 1335 scilicet
3739 1255 3934 1356 quod

707 1360 893 1441 cidit
944 1358 1026 1433 in
1074 1350 1818 1432 demonstrationibus
1892 1349 2072 1447 quia
2128 1377 2145 1427 ε
2192 1350 2274 1429 δε
2377 1373 2598 1426 omne
2652 1368 2940 1429 motum
2994 1372 3334 1433 movetur
3414 1360 3508 1433 ab
3581 1356 3732 1435 alio
3784 1411 3810 1450 ‚
3862 1355 3950 1433 δι

703 1476 803 1539 ex
873 1452 1286 1552 huiusmodi
1355 1450 1623 1530 effectu
1706 1451 2011 1528 sumitur
2084 1449 2275 1528 ratio
2371 1453 2570 1549 quod
2625 1449 2704 1528 in
2757 1455 3362 1547 moventibus‚&
3416 1458 3638 1535 motis
3670 1483 3822 1534 non
3852 1454 3943 1536 fit

709 1557 927 1655 huius
978 1554 1302 1633 nominis
1378 1558 1583 1631 Deus
1634 1606 1653 1625 .
1731 1553 1938 1629 Nam
2017 1551 2273 1628 omnia
2377 1554 2759 1648 procedere
2815 1551 2892 1628 in
2948 1553 3322 1632 infinitum
3351 1614 3369 1634 .
3424 1558 3766 1655 Quorum
3795 1558 3941 1656 pri-

713 1659 969 1751 divina
1010 1653 1326 1733 'nomina
1377 1653 1859 1755 imponuntur
1908 1650 2028 1730 vel
2053 1675 2271 1728 exre·
2373 1673 2582 1726 mum
2624 1654 2884 1749 probat
2928 1654 3403 1756 Philosophus
3426 1659 3653 1736 tribus
3679 1657 3942 1735 modis.

716 1758 1052 1838 motione
1101 1754 1500 1832 effectuum
1524 1752 1947 1830 divinorum
1987 1750 2288 1850 abipso,
2495 1752 2747 1829 Primo
2795 1750 2916 1831 ‘fic
2966 1811 2985 1831 .
3039 1756 3117 1834 Si
3183 1757 3466 1857 aliquid
3537 1776 3791 1836 movet
3869 1757 3940 1835 se

711 1860 837 1940 vel
890 1866 990 1938 ex'
1031 1855 1279 1957 aliqua
1331 1851 1755 1933 habitudine
1781 1852 1929 1933 Dei
1974 1853 2070 1931 ad
2126 1851 2286 1929 suos
2391 1848 2627 1965 ipsum
2671 1905 2705 1965 ⁸,
2758 1872 3047 1951 oportet
3109 1861 3314 1955 quod
3383 1859 3462 1935 in
3535 1859 3604 1935 se
3677 1860 3947 1936 habeat

714 1960 1021 2041 effectus
1074 2014 1092 2033 .
1498 1960 1501 1965 ⁴
1946 2028 1955 2033 ,
2373 1972 2825 2049 principium
2874 1974 3120 2033 motus
3174 1957 3279 2032 sui
3308 2012 3334 2050 ‚
3373 1958 3586 2034 aiiter
3635 1958 3938 2036 manife-

812 2060 1033 2140 Patet
1084 2052 1308 2134 etiam
1333 2076 1424 2132 ex
1445 2052 1588 2131 hoc
1632 2054 1838 2149 -quod
1890 2047 2016 2127 etsi
2072 2053 2273 2127 Deus
2373 2051 2478 2126 ste
2535 2053 2629 2125 ab
2680 2053 2832 2127 alio
2879 2059 3441 2131 moveretur.O
3610 2077 3681 2134 et
3710 2060 3938 2136 etiam

718 2158 1080 2241 sensibilia
1129 2153 1434 2249 omnia,
1484 2152 1557 2230 8<
1612 2151 1897 2230 sensum
1951 2151 2276 2242 excedat,
2379 2151 2576 2247 quod
2630 2150 2715 2226 fit
2763 2150 3011 2248 primo
3061 2168 3398 2247 motum,
3451 2156 3698 2236 cilicet
3740 2159 3941 2258 quod

713 2259 877 2358 ejus
925 2273 1176 2335 tamen
1227 2251 1528 2331 effectus
1579 2306 1604 2348 ,
1677 2274 1767 2329 ex
1848 2250 2109 2350 quibus
2161 2249 2278 2326 de·
2382 2268 2764 2327 moveatur
2811 2252 3096 2329 ratione
3152 2254 3259 2331 sui
3314 2254 3530 2354 ipfius
3582 2313 3608 2352 ,
3661 2257 3735 2333 &
3787 2282 3943 2336 non

717 2356 1150 2442 monstratio
1241 2354 1549 2443 sumitur
1648 2352 1739 2433 ad
1821 2350 2310 2450 probandutb
2381 2350 2664 2427 ratione
2718 2350 2852 2428 suae
2903 2355 3128 2451 partis
3162 2407 3188 2449 ‚
3244 2353 3423 2435 ficut
3471 2375 3815 2438 movetur
3866 2383 3939 2436 a.

716 2457 971 2542 Deum
1041 2456 1189 2534 esse
1228 2511 1259 2552 ‚
1332 2453 1692 2532 sensibiles
1770 2452 1931 2530 sunt
1980 2479 2005 2543 ε,
2049 2449 2128 2527 8<
2180 2448 2277 2534 fic
2380 2451 2617 2528 nimal
2686 2475 2816 2550 per
2864 2471 3158 2532 motum
3210 2458 3416 2555 pedis
3473 2485 3490 2535 ε
3564 2457 3664 2538 fic
3734 2460 3943 2538 enim

711 2560 971 2644 nostrae
1022 2556 1469 2657 cognitionis
1522 2555 1737 2655 origo
1790 2553 1869 2629 in
1894 2552 2093 2629 sensu
2149 2548 2277 2648 est,
2374 2567 2622 2630 totum
2702 2578 2854 2632 non
2923 2575 3346 2635 moveretur
3425 2584 3468 2637 a
3523 2560 3594 2637 se
3644 2612 3671 2655 ‚
3725 2560 3842 2640 sed
3894 2586 3942 2638 a.

712 2663 947 2744 etiam
998 2660 1088 2739 de
1139 2658 1251 2738 his
1330 2678 1486 2759 quae
1543 2654 1827 2734 sensum
1880 2655 2273 2734 excedunt.
2381 2652 2504 2730 sua
2577 2670 2782 2750 parte
2834 2707 2858 2748 ‚
2933 2655 3007 2732 8<
3087 2682 3229 2734 una
3310 2683 3469 2758 pars
3544 2661 3643 2737 ab
3720 2661 3865 2739 alia
3912 2715 3938 2740 .

1033 2799 1088 2861 C
1176 2801 1238 2864 A
1326 2794 1376 2861 p
1458 2794 1521 2862 U
1574 2762 1672 2860 'T
1800 2793 1997 2859 χΙΙΙ,
2382 2752 2412 2851 (
2468 2755 2646 2869 Haec
2699 2754 2888 2833 tatio
2941 2754 3244 2874 habenis
3300 2763 3476 2839 VII.
3532 2761 3805 2866 Phyfic.
3865 2761 3947 2841 in

786 2899 789 2902 Ι
881 2922 1155 2984 Rationes
1209 2918 1289 2978 ad
1337 2917 1688 3000 probandum
1732 2920 1927 2980 Deum
1967 2917 2102 2998 effe.
2378 2907 2383 2911 ’
2436 2855 3342 3050 ξῖἓςέὲὲῗοὲξαὴξὲἓὲἓ
3397 2886 3491 3062 331
3479 2862 3636 3041 [1..ῑέἒὲ
3704 2862 3943 3042 (hg-33}

3687 3017 3711 3055 9

562 3103 605 3126 α»
717 3059 1179 3251 OStenso
1230 3056 1456 3157 igitur
1527 3056 1724 3156 quod
1794 3081 1951 3133 non
2003 3052 2101 3132 est
2155 3083 2278 3135 va-
2371 3080 2605 3134 ‘omne
2645 3060 2850 3156 -quod
2903 3080 3242 3138 movetur
3278 3116 3305 3156 ‚
3346 3062 3444 3141 sit
3494 3063 3858 3144 divisibile
3910 3118 3940 3160 ,

973 3187 1155 3242 num
1239 3158 1378 3236 niti
1471 3158 1566 3237 ad
1645 3156 2317 3238 demonstrandum=⁴
2387 3175 2470 3234 ut
2522 3160 2868 3256 probatur
2916 3159 3000 3237 in
3053 3162 3680 3254 VLthficormn
3718 3165 3945 3262 (text.

724 3269 978 3348 Deum
1027 3263 1179 3342 esse
1230 3315 1260 3355 ‚
1330 3258 1802 3360 procedamus
1874 3258 1963 3334 ad
2013 3282 2286 3358 ponen-
2388 3283 2660 3335 comm.
2732 3284 2998 3338 xxxii..
3072 3261 3146 3339 8<
3224 3255 3621 3368 ix-Jixvn‘r.
3690 3264 3727 3363 )
3800 3269 3948 3347 His
4019 3273 4024 3280 ’

718 3370 904 3448 dum
958 3365 1272 3466 rationes
1323 3359 1583 3460 quibus
1636 3374 1789 3436 tam
1835 3357 2283 3460 Philosophi,
2387 3358 2758 3467 suppositis
2813 3359 2906 3440 fic
2957 3364 3199 3463 arguit
3239 3421 3268 3442 .
3301 3374 3326 3403 ³

719 3491 953 3570 quam
1010 3469 1365 3545 Doctores
1414 3458 1755 3539 catholici
1833 3461 2082 3538 Deum
2135 3461 2285 3541 esse
2493 3463 2664 3540 Hoc
2768 3464 2912 3539 uod
2961 3489 3004 3537 a
3056 3465 3126 3539 se
3182 3465 3337 3562 ipso
3403 3465 3708 3566 'ponitur
3783 3489 3944 3543 mo-

724 3573 1223 3673 probaverunt
1274 3623 1295 3643 .
2385 3561 2550 3672 veri
2601 3614 2627 3654 .,
2679 3487 2779 3635 eii
2830 3560 3078 3658 primo
3153 3577 3442 3639 motum
3497 3620 3515 3638 .
3572 3575 3777 3661 Ergo
3849 3565 3942 3647 ad

831 3672 1085 3750 Primo
1122 3685 1367 3744 autem
1415 3684 1768 3762 ponemus
1796 3660 2110 3738 rationes
2132 3660 2290 3758 qui-
2388 3676 2717 3756 quietern
2766 3660 3004 3769 'unius
3071 3662 3295 3758 partis
3385 3661 3538 3760 ejus
3619 3665 3942 3764 sequitur

728 3774 867 3853 bus
924 3765 1345 3848 Aristoteles
1421 3762 1743 3860 procedit
1816 3761 1905 3835 ad
1978 3760 2285 3858 proban·
2377 3759 2594 3855 quies
2646 3775 2913 3835 totius.
2971 3758 3047 3838 Si
3102 3761 3305 3838 enirn
3356 3763 3770 3863 quiescente
3797 3791 3941 3845 una

726 3876 912 3968 dum
991 3872 1237 3946 Deum
1310 3862 1456 3938 esse
1507 3914 1534 3954 ‚
1607 3861 1734 3958 qui
1788 3857 1926 3935 hoc
1979 3858 2300 3958 probare
2390 3875 2590 3956 parte
2639 3912 2666 3951 .,
2736 3858 2878 3935 alia
2954 3884 3117 3959 pars
3188 3860 3344 3969 ejus
3416 3883 3842 3946 moveretur
3912 3921 3943 3963 ‚

730 3970 1054 4054 intendit
1106 3991 1193 4045 ex
1246 3978 1444 4064 parte
1495 3958 2072 4055 motus‚duabus
2122 3959 2286 4041 viis.
2390 3975 2562 4036 tunc
2595 3958 2874 4060 ,ipsum
2948 3970 3196 4040 totum*-
3260 3990 3415 4043 non
3466 3967 3646 4046 efset
3691 3967 3943 4068 primo

841 4065 1176 4173 Quarum
1252 4066 1485 4168 prima
1553 4060 1720 4141 talis
1793 4059 1893 4138 est
1933 4117 1964 4139 ..
2033 4062 2287 4141 Omne
2388 4078 2679 4140 motum
2706 4115 2734 4155 ‚
2789 4061 2905 4138 sed
2954 4086 3117 4160 pars
3170 4062 3319 4160 ejus
3372 4091 3530 4167 quae
3573 4085 3940 4166 movetur,

724 4177 937 4279 quod
980 4187 1321 4251 movetur
1366 4167 1463 4245 ab
1515 4163 1663 4242 alio
1710 4180 2078 4242 movetur.
2154 4165 2282 4243 Pa·
2375 4160 2530 4240 alia
2581 4162 2991 4262 quiescente
3038 4221 3060 4240 .
3119 4165 3338 4243 Nihil
3414 4184 3660 4246 autem
3745 4172 3947 4270 quod

728 4295 845 4358 tet
893 4285 1138 4370 autem
1186 4268 1390 4349 sensu
1443 4265 1718 4365 aliquid
1769 4264 2101 4359 moveri,
2152 4290 2281 4365 pu·
2381 4262 2693 4362 quiescit
2741 4263 3153 4365 quiescente
3206 4267 3357 4365 alio
3407 4322 3434 4362 ‚
3509 4287 3847 4349 movetur
3897 4294 3944 4349 a

729 4375 1155 4460 ta·Solem.
1233 4375 1436 4469 Ergo
1486 4368 1639 4445 alio
1708 4381 2054 4444 movente
2122 4387 2284 4443 mo-
2389 4365 2460 4441 se
2513 4361 2669 4465 ipso
2721 4393 2738 4437 τ
2793 4364 2998 4462 cujus
3048 4367 3250 4444 enirn
3304 4369 3509 4471 quies
3563 4372 3655 4450 ad
3738 4374 3948 4473 quie-

729 4498 947 4560 vetur
996 4534 1016 4554 .
1074 4478 1228 4554 Aut
1277 4494 1455 4570 ergo
1521 4467 1705 4547 illud
1770 4489 2076 4546 movens
2128 4489 2283 4545 mo-
2375 4479 2540 4543 :tem
2592 4465 2911 4566 sequitur
2959 4467 3254 4546 alterius
3306 4523 3332 4562 ‚
3381 4489 3670 4571 oportet
3744 4474 3946 4574 quod

730 4579 947 4661 &retur
997 4632 1023 4670 .,
1075 4594 1200 4653 aut
1248 4596 1401 4649 non
1442 4626 1471 4647 ,
1526 4569 1599 4647 Si
1668 4593 1818 4646 non
1861 4584 2208 4647 movetur
2257 4622 2283 4663 ‚
2379 4584 2633 4646 ¹motus
2681 4569 2772 4646 ad
2825 4583 3114 4646 motum
3175 4569 3479 4652 alterius
3531 4573 3863 4673 sequatur
3911 4597 3938 4664 ς

727 4673 918 4787 'ergo
956 4672 1317 4756 habemns
1368 4667 1810 4771 propositum
1839 4723 1866 4763 ‚
1906 4670 2109 4767 quod
2158 4676 2283 4746 ⁴ne-
2382 4666 2459 4743 ἃ
2513 4665 2608 4746 fic
2658 4692 2835 4747 non·
2863 4689 3202 4748 movetur
3251 4697 3295 4747 a
3348 4672 3418 4751 se
3472 4672 3682 4774 ipso.
3742 4677 3943 4771 Ergo

734 4785 931 4865 cesse
986 4781 1086 4860 est
1140 4797 1408 4878 ponere
1442 4771 1755 4869 'aliquod
1806 4792 2114 4847 movens
2138 4769 2285 4846 ‘im-
2390 4767 2530 4847 hoc
2579 4769 2778 4869 quod
2829 4772 3232 4869 ponebatur
3266 4773 3325 4849 'a
3399 4774 3470 4851 se
3547 4774 3706 4872 ipso
3779 4797 3937 4849 mo-

732 4883 1017 4969 mobile
1038 4883 1153 4990 ,βε
1183 4879 1331 4957 hoe
1385 4871 1693 4956 dicimus
1738 4874 2014 4953 Deum.
2070 4869 2285 4953 Siau·
2378 4869 2544 4950 veri
2593 4924 2623 4971 2
2669 4893 2823 4952 non
2893 4889 3236 4955 movetur
3305 4898 3352 4953 a
3405 4873 3477 4956 se
3529 4874 3688 4976 ipso
3737 4900 3755 4946 ε
3812 4895 3936 5058 ηεξ-

3751 4995 3833 5053 ce
3892 4996 3941 5053 ο
