4597 5696
744 367 823 459 ιβ
1340 370 1479 439 DE
1537 362 2114 438 VERITATE
2213 355 2932 439 CATHochAE
2988 373 3300 445 mom

734 472 877 567 lius
954 470 1343 586 dicendum
1413 475 1516 555 est
1548 533 1574 572 ‚
1651 481 1849 577 quod
1913 502 2087 562 curn
2163 504 2292 581 po·

681 651 693 663 ,
741 573 969 652 tentia
1022 574 1301 654 dicatur
1348 578 1441 661 ad
1491 595 1739 658 actum
1760 635 1800 676 ,‚
1833 598 2140 681 'oportet
2190 579 2293 678 ju'-

740 674 976 753 dicare
1029 675 1118 750 de
1172 676 1502 773 potentia
1524 694 1527 699 “
1550 679 1946 761 secundum
1982 683 2286 762 modum

744 771 945 857 actus
982 832 998 852 .
1074 778 1335 859 Motus
1407 797 1656 858 autern
1729 783 2119 862 secundum
2190 781 2295 862 sui

746 876 1113 956 rationem
1162 880 1645 976 quantitatem
1700 884 1918 963 habet
1944 939 1972 979 ‚
2046 886 2119 961 8<
2156 906 2287 962 ‘ex-

752 977 1188 1073 tenfionem:
1244 982 1433 1058 unde
1483 983 1771 1063 duratio
1822 983 1973 1079 eius
2009 983 2297 1063 infinita

750 1078 1059 1175 requirit
1129 1081 1326 1177 quod
1410 1085 1735 1181 potentia
1814 1110 2117 1164 movens
2209 1084 2295 1161 fit
2355 1086 2360 1091 ’

753 1177 1092 1287 infinita:
1169 1182 1306 1256 esse
1373 1198 1619 1262 autern
1698 1211 1847 1262 non
1901 1185 2118 1264 habet
2169 1185 2295 1269 ali-

748 1294 973 1378 quam
1026 1281 1518 1359 extensionem
1570 1286 1992 1382 quantitatis
2029 1339 2054 1377 ‚
2125 1310 2291 1384 proe-

747 1380 961 1476 cipue
1014 1382 1093 1457 in
1145 1405 1223 1455 re
1274 1380 1472 1479 cujus
1525 1386 1661 1462 efl'e
1688 1385 1784 1486 est
1836 1386 2293 1480 invariabile,

747 1477 928 1561 ficut
1001 1479 1259 1559 caelum
1312 1510 1330 1554 ε
1408 1484 1480 1559 8<
1553 1483 1718 1563 ideo
1789 1512 1940 1575 non
2011 1505 2298 1584 oportet

751 1581 953 1677 quod
1030 1582 1260 1661 virtus
1347 1585 1614 1662 effendi
1688 1585 1774 1664 fit
1857 1586 2145 1664 infinita
2219 1589 2298 1665 in

747 1690 1065 1778 corpore
1105 1680 1360 1777 finito,
1414 1685 1588 1762 licet
1641 1685 1719 1762 in
1774 1686 2146 1763 infinitum
2172 1690 2293 1765 du·

742 1798 894 1863 ret:
951 1779 1123 1878 quia
1162 1807 1324 1859 non
1376 1785 1619 1861 differt
1670 1788 1865 1883 quod
1918 1811 2044 1884 per
2090 1788 2297 1864 illam

744 1879 1141 1959 virtutem·
1181 1885 1466 1982 aliquid
1540 1887 1751 1964 duret
1819 1887 1899 1963 in
1971 1911 2121 1965 uno
2190 1888 2292 1964 in-

743 1977 957 2058 stanti
1011 2036 1036 2075 ‚
1122 1984 1241 2061 vel
1296 1981 1623 2084 ternpore
1675 1985 1971 2065 infinito
2022 2040 2050 2080 ‚
2121 2013 2297 2065 cum

751 2082 890 2173 effe
944 2082 1125 2161 illud
1176 2083 1607 2162 invariabile
1694 2112 1843 2165 non
1894 2087 2294 2187 attingatur

662 2195 669 2202 ’
747 2204 795 2257 a
844 2196 1171 2280 tempore
1223 2185 1354 2262 nisi
1408 2211 1535 2285 per
1585 2188 1914 2266 accidens
1945 2244 1964 2264 .

760 2346 765 2351 .
851 2284 1134 2382 Quarta
1201 2284 1520 2383 objectio
1571 2286 1671 2366 est
1722 2290 1811 2364 de
1862 2287 2001 2366 hoc
2022 2341 2048 2382 ‚
2099 2291 2298 2389 quod

747 2408 899 2471 non
987 2385 1274 2465 videtur
1344 2388 1479 2464 effe
1549 2388 2017 2466 necessarium
2102 2392 2300 2488 quod

744 2481 930 2562 illud
980 2488 1175 2585 quod
1228 2504 1480 2567 movet
1531 2506 1858 2589 ternpore
1911 2489 2206 2568 infinito
2259 2543 2285 2584 ‚

724 2581 1008 2665 habeat
1076 2590 1484 2687 potentiam
1537 2589 1946 2685 infinitam,
1999 2592 2078 2669 in
2144 2590 2293 2668 illis

735 2689 1209 2773 moventibus
1256 2715 1419 2789 quae
1479 2694 1845 2770 movendo
1890 2718 2061 2770 -non
2113 2690 2284 2770 alte-

734 2804 1037 2868 rantur:
1095 2792 1267 2890 quia
1321 2791 1484 2872 talis
1560 2813 1802 2873 motus
1871 2792 2062 2870 nihil
2116 2817 2283 2870 con-

738 2888 964 2968 sumit
1015 2893 1102 2969 de
1156 2895 1483 2989 potentia
1532 2919 1787 2972 eorum
1809 2947 1835 2987 ‚
1860 2913 1865 2918 ·
1887 2897 2076 2972 unde
2130 2917 2282 2972 non

738 2989 1030 3071 minore
1113 3005 1438 3091 ternpore
1485 3038 1489 3046 ,
1538 3018 1838 3072 movere
1923 2994 2207 3094 possunt
2255 3048 2283 3088 ‚

737 3086 1122 3190 postquam
1173 3092 1432 3191 aliquo
1485 3111 1812 3194 tempore
1865 3113 2283 3188 moverunt,

737 3215 963 3290 quam
1014 3211 1182 3271 ante
1232 3223 1258 3288 ς
1328 3193 1503 3275 licut
1555 3195 1742 3273 Solis
1792 3196 2022 3276 virtus
2074 3192 2282 3273 finita

730 3292 913 3386 est3
962 3291 1035 3370 8<
1089 3297 1259 3395 quia
1331 3295 1411 3373 in
1461 3298 1743 3396 agendo
1814 3295 1966 3391 ejus
2045 3296 2279 3373 virtus

727 3392 975 3478 aestiva
1024 3420 1177 3474 non
1229 3397 1586 3476 minuitur
1625 3453 1654 3492 .‚
1726 3396 2018 3479 infinito
2096 3414 2274 3474 tem·

730 3520 911 3598 pore
988 3498 1216 3595 potest
1302 3523 1514 3598 agere
1583 3498 1666 3577 in
1737 3501 1885 3579 haec
1940 3496 2283 3579 inferiora

722 3596 1124 3679 ,secundum
1177 3622 1510 3678 naturam
1543 3657 1564 3678 .
2220 3653 2221 3656 =

839 3701 943 3774 Et
995 3700 1085 3774 ad
1139 3699 1277 3777 hoc
1329 3700 1640 3777 dicimus
1680 3751 1710 3792 ‚
1775 3699 1972 3797 quod
2022 3721 2282 3795 corpus

730 3820 888 3873 non
963 3815 1217 3875 movet
1269 3799 1398 3873 nifi
1433 3815 1869 3888 motum‚ut
1897 3797 2283 3893 probatum

718 3893 837 3974 'est
890 3894 1097 3995 (cap.
1151 3895 1553 3994 x111.):&
1601 3896 1769 3973 ideo
1817 3895 1869 3971 fi
1914 3895 2296 3994 contingat

728 4021 995 4096 corpus
1047 3995 1345 4096 aliquod
1396 4021 1546 4076 non
1596 3996 1925 4091 moveri,
1977 3994 2297 4095 sequitur

729 4095 972 4196 ipsum
1023 4123 1174 4176 non
1226 4123 1567 4178 movere·
1623 4101 1711 4175 In
1761 4096 1966 4177 omni
2044 4116 2304 4178 autem

728 4199 931 4297 quod
984 4217 1346 4294 movetur,
1370 4199 1469 4278 est
1522 4199 1846 4300 potentia
1897 4199 1988 4276 ad
2016 4197 2289 4298 opposi-

709 4313 851 4394 ta,
879 4299 1057 4397 ‘quia
1109 4302 1406 4381 termini
1439 4317 1687 4381 motus
1740 4301 1900 4378 sunt
1953 4299 2282 4401 oppositi:

727 4400 804 4481 &
834 4400 1068 4496 ideo,
1124 4420 1481 4499 quantum
1532 4402 1629 4506 est
1680 4402 1769 4479 de
1857 4399 1926 4475 se
1972 4454 1999 4493 ‚
2064 4424 2285 4478 omne

715 4525 991 4601 corpus
1041 4505 1241 4602 quod
1290 4520 1631 4582 movetur
1669 4557 1698 4597 ‚
1777 4500 2144 4608 possibile—
2182 4500 2288 4580 est

724 4626 882 4682 non
956 4603 1242 4681 moveri
1290 4658 1318 4700 ,
1384 4603 1474 4680 8<
1526 4603 1723 4701 quod
1774 4602 2103 4700 poffibile
2183 4599 2286 4680 est

720 4721 879 4782 non
952 4703 1242 4783 moveri
1292 4758 1319 4799 ‚
1372 4728 1543 4780 *non
1615 4703 1833 4780 habet
1902 4702 1991 4781 de
2067 4704 2141 4784 se·
2205 4716 2288 4779 ut

726 4822 1081 4906 perpetuo
1139 4821 1467 4904 tempore
1519 4816 1899 4879 moveatur
1947 4857 1977 4898 ‚
2041 4804 2116 4880 8<
2188 4800 2283 4881 fic

727 4929 866 4989 nec
933 4908 1156 5011 quod.
1212 4906 1296 4986 in
1346 4919 1697 5006 perpetuo
1748 4918 2076 5003 tempore
2126 4927 2285 4984 mo.-

2382 4902 2706 4984 cundum
2759 4927 2986 4994 unam
3033 4901 3398 4984 rationem
3445 4953 3476 4998 ‚
3542 4899 3721 4980 ficut

2392 501 2563 564 veat
2580 540 2600 562 .
2652 482 2989 564 Procedit
3038 494 3218 580 ergo
3313 478 3606 562 raediaa
3643 484 3943 581 demon-2

2393 585 2643 665 stratio
2691 586 2786 663 de
2832 582 3158 685 potentia
3336 582 3437 660 ita
3485 589 3803 688 corporis
3855 588 3960 666 fi--.

2398 686 2540 766 niti
2568 740 2597 780 ‚
2646 711 2805 786 quae
2860 709 3011 767 non
3061 682 3289 783 potest
3360 684 3450 761 de
3517 685 3588 762 se
3639 711 3944 768 movere

2399 806 2553 866 tem
2652 811 2730 863 re
2805 784 3101 863 infinito
3131 842 3150 861 .
3233 786 3371 865 Sed
3437 812 3690 887 corpus
3741 792 3943 889 quod

2396 890 2487 968 de
2537 913 2611 964 -e
2663 886 2991 1003 poffibile
3065 884 3167 963 est
3245 887 3530 965 moveri
3568 942 3595 983 ,
3662 890 3734 965 8<
3789 914 3944 969 non

2400 1012 2736 1091 moverit,
2790 1011 3086 1065 movere
3128 1039 3154 1080 ‚
3238 986 3311 1063 8<
3364 1013 3516 1065 non
3566 1013 3863 1067 movere
3913 1045 3947 1087 ‚

2402 1090 2774 1189 acquirere
2825 1086 3054 1188 potest
3108 1088 3661 1187 perpetuitatem
3703 1108 3947 1173 motus

2399 1193 2493 1267 ab
2544 1190 2793 1290 aliquo
2830 1243 2870 1283 ,‚
2937 1188 3135 1288 quod
3183 1208 3471 1289 oportet
3521 1191 3661 1266 effe
3715 1190 3970 1275 incors

2400 1315 2708 1390 porcum
2762 1318 2779 1366 :
2879 1290 2953 1365 δε
3025 1288 3192 1373 ideo
3262 1308 3549 1388 oportet
3621 1292 3947 1391 primum
4019 1302 4022 1305 ’

2397 1416 2702 1470 movens
2753 1390 2892 1468 effe
2927 1391 3478 1487 incorporeum3
3505 1392 3578 1468 8(
3631 1391 3725 1468 fic
3759 1391 3952 1469 nihil

2401 1493 2741 1591 prohibet
2816 1491 3206 1569 secundum
3286 1506 3619 1589 naturam
3690 1517 3951 1591 corpus

2399 1591 2696 1678 finitum
2748 1594 2943 1690 quod
2992 1590 3315 1689 acquirit
3355 1593 3451 1668 ab
3501 1590 3650 1669 alio
3699 1618 3952 1692 perpe·

2401 1693 2739 1772 tuitatem
2816 1693 2898 1768 in
2970 1692 3319 1785 moveri,
3388 1691 3651 1768 habere
3722 1694 3952 1772 etiam

2401 1793 2961 1892 perpetuitatem
3035 1792 3115 1868 in
3185 1817 3484 1870 movere
3518 1849 3538 1867 .
3619 1796 3823 1871 Nam
3874 1795 3952 1872 8(

2401 1893 2639 1991 ipsum
2692 1892 3016 1992 primurn
3069 1917 3328 1989 corpus
3378 1891 3652 1976 caeleste
3707 1894 3951 1978 secunae

2398 1994 2573 2071 dum
2627 2012 2958 2069 naturam
3031 1991 3261 2089 potest
3335 2010 3687 2091 perpetuo
3737 2013 3949 2074 motu

2400 2092 2749 2171 inferiora
2798 2116 3102 2189 corpora
3152 2091 3454 2168 caelestia
3508 2093 3883 2171 revolvere
3918 2146 3949 2191 ,

2323 2245 2330 2253 -
2399 2193 2788 2273 secundum
2841 2192 3036 2290 quod
3089 2190 3356 2289 sphaera
3427 2210 3681 2269 movet
3732 2193 3950 2291 sphae-

2403 2318 2562 2371 ram
2614 2349 2632 2368 .
2689 2294 2855 2369 Nec
2908 2290 3006 2367 est
3060 2290 3580 2368 inconveniens
3622 2345 3649 2385 ‚
3702 2293 3949 2370 secun-

2400 2397 2578 2473 dum
2609 2416 2612 2421 ’
2648 2396 3327 2471 commentatorem
3394 2391 3422 2486 (
3479 2393 3650 2469 XII.
3705 2397 3952 2471 Meta'-

2394 2492 2599 2596 phys.
2655 2507 2827 2571 text.
2879 2490 3078 2588 xl1.)
3130 2493 3324 2591 quod
3378 2490 3559 2568 illud
3608 2493 3803 2591 quod
3855 2496 3955 2571 de

2397 2595 2465 2671 se
2515 2592 2618 2671 est
2672 2594 2752 2670 in
2801 2592 3127 2692 potentia
3177 2593 3618 2685 admoveri,
3669 2593 3743 2669 8<
3793 2618 3946 2672 non

2386 2695 2720 2787 moveri,
2777 2693 3103 2791 acquirat
3158 2694 3252 2769 ab
3303 2690 3453 2769 alio
3503 2694 3947 2792 perpetuita-

2387 2814 2545 2875 tem
2598 2811 2837 2876 motus
2859 2848 2884 2888 ‚
2937 2792 3114 2872 ficut
3168 2794 3571 2892 ponebatur
3624 2796 3761 2871 effe
3807 2795 3946 2872 im·

2384 2895 2713 2996 poffibile
2766 2896 2852 2971 de
2878 2895 3355 2994 perpetuitate
3400 2894 3709 2972 effendit
3768 2920 3946 2973 nam

2386 3012 2627 3074 motus
2653 2994 2753 3072 est
2806 2995 3106 3092 quidam
3140 2993 3466 3072 defluxus
3517 3020 3560 3070 a
3596 3016 3946 3074 movente

2386 3098 2467 3174 in
2518 3095 2794 3173 mobile
2848 3121 2872 3185 ς
2971 3096 3042 3171 8<
3114 3094 3280 3172 ideo
3349 3092 3578 3192 potest
3647 3095 3946 3195 aliquod

2386 3195 2662 3274 mobile
2715 3196 3087 3295 acquirere
3158 3196 3252 3272 ab
3303 3195 3453 3274 alio
3503 3198 3942 3295 perpetuita-

2383 3318 2538 3376 tem
2588 3316 2890 3391 motus,
2996 3320 3171 3372 uam
3222 3321 3374 3373 non
3428 3296 3650 3373 habet
3698 3301 3788 3379 de
3840 3299 3934 3376 se:

2383 3402 2523 3476 effe
2591 3417 2839 3478 autem
2926 3323 3026 3473 ecit
3105 3398 3382 3495 aliquid
3471 3395 3702 3475 fixum
3762 3451 3791 3491 ‚
3868 3397 3946 3484 8:

2386 3499 2731 3599 quietum
2785 3501 2865 3575 in
2917 3516 3084 3574 ente
3130 3521 3162 3586 ε,
3229 3499 3302 3571 8(
3382 3495 3549 3573 ideo
3598 3497 3796 3592 quod
3846 3497 3937 3573 de

2389 3602 2458 3676 se
2511 3600 2610 3675 est
2668 3602 2748 3675 in
2800 3596 3134 3696 potentia
3184 3595 3276 3670 ad
3326 3618 3477 3668 non
3527 3594 3663 3669 esse
3712 3646 3740 3688 ,
3789 3619 3942 3672 non

2385 3697 2660 3796 potest,
2712 3712 2792 3773 ut
2844 3696 2990 3793 ipse
3034 3693 3254 3786 dicit,
3304 3691 3697 3771 secundum
3736 3694 3940 3770 viam

2387 3816 2659 3874 naturae
2714 3795 3086 3893 acquirere
3162 3795 3257 3878 ab
3307 3791 3457 3871 alio
3507 3795 3939 3895 perpetuita-

2403 3912 2557 3974 tem
2610 3896 2914 3972 essendi.

2475 3996 2782 4095 -Quinta
2818 3991 3135 4091 objefflo
3168 3992 3314 4090 est,
3363 3996 3561 4094 quod
3608 4018 3738 4096 per
3770 4021 3940 4095 prae-

2404 4095 2683 4178 dieium
2735 4097 3136 4196 proceffum
3185 4122 3335 4174 non
3386 4096 3671 4174 videtur
3707 4096 3941 4191 major

2390 4198 2578 4278 ratio
2627 4220 2845 4296 quare
2897 4223 3047 4276 non
3102 4195 3186 4275 fit
3274 4197 3600 4295 potentia
3648 4195 3938 4276 infinita

2389 4301 2470 4377 in
2521 4298 3072 4396 magnitudine,
3121 4322 3349 4397 quarn
3400 4314 3601 4374 extra
3652 4297 3936 4397 magni-

2388 4401 2718 4479 tudinem
2762 4426 2793 4474 :
2876 4424 3052 4477 nam
3140 4397 3525 4497 utrobique
3616 4397 3938 4497 sequitur

2391 4502 2588 4602 quod
2641 4516 2940 4577 moveat
3008 4524 3159 4576 non
3227 4498 3306 4575 in
3359 4515 3684 4599 tempore
3707 4555 3726 4575 .

2506 4603 2608 4678 Et
2659 4601 2749 4675 ad
2811 4599 2949 4678 hoc
3001 4600 3387 4677 dicendum
3415 4654 3443 4694 ‚
3530 4600 3724 4698 quod
3775 4596 3938 4676 fini-

2369 4716 2550 4792 tum
2602 4753 2629 4795 ‚
2679 4700 2753 4776 8<
2807 4699 3181 4778 infinitum
3243 4701 3322 4778 in
3373 4698 3876 4814 magnitudine
3903 4729 3936 4795 ·‚

2385 4818 2461 4879 et
2514 4817 2843 4900 tempore
2863 4855 2889 4894 ‚
2941 4820 3014 4879 et
3065 4818 3273 4878 motu
3326 4798 3798 4878 invemuntur
3834 4799 3932 4875 se·

3768 4921 3932 4996 pro·

3793 4996 3921 5094 ba-
