4597 5696
1353 437 3026 517 n1ssERTAT1oruAEv1A
3549 408 3811 516 'xx-m

631 575 863 657 etiam
916 574 1153 677 ipsum
1203 575 1581 672 naturale,
1631 590 1883 674 utpote
1934 575 2199 653 aveo
2244 574 2490 672 ‘quoad
2544 572 2892 672 plurimas
2945 571 3292 652 veritates
3341 595 3470 671 per
3512 573 3654 654 sese
3711 602 3834 653 na-

634 681 797 759 tivo
845 679 1118 757 lumini
1176 678 1461 777 pervias
1513 678 1968 770 revelatum,
2019 677 2441 751 earumdem
2492 676 2977 755 traditionum
3030 673 3467 765 au&oritate
3497 733 3523 774 ,
3575 680 3647 757 8(
3706 700 3832 776 po-
3893 758 3896 763 ,

634 783 979 883 polonum
1036 779 1388 859 consensu
1445 780 1713 877 exponi
1778 780 1858 856 8(
1912 776 2247 856 illustrari
2304 778 2629 855 maxime
2682 780 2925 877 posse,
2976 803 3060 855 ac
3111 774 3375 856 deber‘e
3408 836 3426 854 .

737 912 809 982 4.
869 884 1368 961 Inconcussam
1424 881 1831 975 hujusmodi
1879 894 2496 978 argumentorum
2551 880 2708 956 vim
2762 898 3140 959 attenuare
3194 881 3532 959 nituntur
3587 878 3828 982 impii:

628 1000 794 1065 tum
861 984 1106 1083 prtirno
1180 984 1603 1082 exemplum
1671 982 2108 1081 objicientes
2183 979 2372 1058 falsat
2448 982 2872 1081 Religionis
2942 984 3061 1059 vel
3130 984 3553 1061 Gentilium
3609 1039 3633 1078 ,
3704 983 3830 1061 vel

632 1086 1142 1182 Mahometis,
1196 1088 1418 1185 longe
1471 1085 1764 1186 lateque
1817 1100 2261 1185 propagatae:
2321 1102 2479 1161 tum
2528 1083 3276 1188 vpraeterea-Mysteria
3327 1085 3498 1163 fidei
3554 1085 3838 1180 nostrae‚

635 1186 873 1268 veluti
922 1188 1193 1267 rationi
1236 1188 1538 1268 adversa
1569 1245 1596 1286 ,
1645 1187 2066 1286 caeterisque
2119 1186 2552 1265 veritatibus
2619 1212 2779 1286 quae
2835 1188 3150 1293 naturali
3210 1186 3678 1265 innotescunt
3729 1187 3841 1264 lu-

637 1291 894 1388 mine,
944 1292 1311 1371 contraria
1363 1292 1856 1370 traducentes.
1914 1287 2237 1367 Nullum
2294 1314 2446 1366 non
2485 1308 2792 1368 movent
2845 1290 3167 1391 lapidem
3204 1288 3512 1385 Deistae,
3563 1310 3646 1366 ut
3685 1287 3842 1367 haze

528 1396 532 1403 '
640 1410 1076 1491 argumenta
1116 1390 1274 1473 duo
1322 1400 1765 1494 exaggerent
1818 1420 1836 1470 τ
1912 1415 2228 1492 qnorum
2298 1391 2459 1469 vim
2493 1444 2524 1489 ,
2584 1391 2640 1469 fi
2690 1418 2836 1492 qua
2907 1393 3007 1471 est
3040 1447 3067 1488 ,
3144 1419 3276 1491 pro
3349 1392 3553 1468 virili
3608 1405 3840 1491 agunt

630 1492 1033 1574 Christiani
1090 1499 1492 1598 Scriptores
1545 1494 1979 1592 dofflsfimi,
2030 1512 2114 1573 ut
2166 1493 2446 1572 elidant
2498 1521 2580 1573 ac
2636 1496 3032 1594 profligent
3064 1553 3082 1571 .
3139 1497 3457 1575 Labores
3516 1518 3772 1571 eorum
3810 1544 3842 1590 ,

628 1618 723 1674 ac
774 1595 1339 1697 praestantissima
1427 1599 1620 1675 edita
1688 1623 1910 1697 opera
1984 1622 2209 1674 nemo
2281 1596 2451 1674 satis
2514 1598 3152 1675 commendaverit
3203 1625 3227 1691 3
3313 1596 3433 1676 sed
3511 1596 3593 1673 in
3647 1596 3841 1673 hanc

636 1701 941 1778 messem
998 1700 1562 1799 auspicatiffimo
1612 1698 1757 1798 jam
1815 1698 2079 1774 falcem
2136 1701 2334 1775 suam
2392 1697 2690 1775 miserat
2741 1699 3122 1793 Aquinas.

744 1800 953 1899 Quid
1006 1801 1208 1878 euim
1263 1800 1782 1878 Mahometem
1826 1854 1852 1894 ,
1920 1797 2214 1898 ejusque
2270 1799 2753 1896 Religionem
2799 1800 3135 1876 obtrudis
3189 1799 3221 1872 ·?
3304 1797 3453 1877 Hic
3508 1796 3658 1874 alia
3706 1795 3857 1875 υἷι

631 1898 975 2008 processit
1022 1957 1052 1998 ,
1111 1903 1364 2003 inquit
1447 1901 1788 2000 Aquinas
1856 1901 2122 1978 eodem
2201 1899 2277 1976 in
2353 1902 2582 1978 Libro
2634 1900 2891 1999 primo,
2928 1955 2955 1996 ,
3036 1902 3439 1999 eodemque
3487 1903 3669 2000 Cap.
3722 1925 3850 1978 vr.

633 2059 693 2104 „
740 2003 1172 2081 annalium
1220 2005 1692 2106 voluptatum
1731 1999 2099 2102 promissts
2146 2057 2172 2097 ,
2213 2002 2315 2078 ad
2367 2027 2676 2101 quatu-m
2728 2002 3156 2079 defiderium
3221 2001 3528 2079 carnalis
3575 2026 3850 2080 concu-

624 2110 691 2204 '„
742 2106 1098 2204 piscentia
1151 2105 1483 2205 instigat,
1550 2104 1861 2203 populos
1913 2103 2187 2180 illexit.
2244 2112 2606 2203 PraecePta
2653 2104 2880 2182 etiam
2935 2105 3232 2182 tradidit
3271 2102 3644 2205 promissts
3691 2130 3852 2180 con-

630 2261 693 2306 „
727 2203 1056 2306 formia,
1115 2206 1479 2307 voluptati
1525 2204 1799 2282 carnali
1857 2204 2174 2283 habenas
2246 2204 2579 2284 relaxans
2622 2265 2648 2304 ,
2712 2207 2980 2305 quibus
3043 2204 3128 2282 in
3202 2223 3545 2305 promptu
3613 2203 3718 2281 est
3797 2232 3850 2285 a

634 2362 697 2409 ‚,
746 2308 1167 2387 carnalibus
1219 2306 1648 2388 hominibus
1701 2307 2025 2394 obediri.
2085 2316 2540 2387 Documenta
2591 2307 2826 2385 etiam
2880 2307 3243 2387 veritatis.
3288 2333 3446 2385 -non
3513 2306 3768 2385 attulit
3821 2360 3853 2404 ,

637 2464 697 2510 „
746 2410 882 2489 nifi
932 2437 1090 2511 quae
1146 2409 1238 2489 de
1274 2406 1496 2508 sarili
1565 2436 1609 2487 a
1652 2410 1993 2509 quolibet
2078 2408 2551 2489 mediocriter
2621 2409 2941 2509 sapiente
2970 2464 2996 2507 ,
3067 2407 3396 2488 naturali
3477 2407 3771 2507 ingenio
3818 2460 3851 2503 ,

629 2566 693 2612 9,
742 2539 783 2591 c
890 2512 1089 2591 nosci
1144 2512 1408 2612 poffint
1444 2570 1463 2590 .
1522 2510 1733 2614 Quin
1784 2512 2031 2618 potius
2082 2536 2254 2590 vera
2307 2538 2469 2628 quae
2521 2513 2776 2590 docuit
2802 2568 2828 2608 ‚
2881 2509 3141 2591 multis
3173 2505 3506 2610 fabulis,
3555 2511 3653 2587 <9-
3745 2508 3851 2587 al-

638 2670 697 2713 „
734 2539 1041 2723 stffimis
1092 2613 1441 2694 doetrinis
1492 2613 1936 2692 immiscuit.
1993 2613 2225 2712 Signa
2270 2634 2497 2692 etiam
2554 2640 2707 2692 non
2759 2613 3139 2706 adhibuit,
3174 2614 3630 2712 supernatur
3707 2610 3852 2690 iter

636 2771 700 2815 „
752 2714 1304 2814 faeiaz'quibus
1351 2716 1598 2793 solum
1650 2718 1916 2794 divinae
1973 2715 2437 2815 inspirationi
2493 2717 2939 2795 conveniens
2994 2714 3498 2792 testimonium
3541 2713 3849 2790 adhibe-

644 2874 703 2917 „
757 2837 877 2898 tur
910 2847 938 2911 ,·
1025 2818 1202 2896 dum
1272 2820 1606 2919 operatio
1674 2816 1982 2897 vifibilis
2054 2842 2212 2919 quae
2258 2841 2416 2897 non
2488 2813 2716 2918 potest
2788 2819 2925 2894 effe
2976 2816 3108 2895 n’ifi
3164 2816 3415 2895 divina
3447 2873 3475 2914 ,
3525 2813 3842 2895 ostendit

630 2974 695 3018 ῃ
747 2919 1149 2999 Ποᾶοτεηι
1199 2920 1536 3000 veritatis
1588 2919 2056 2999 invisibiliter
2109 2921 2545 3020 inspiratum
2598 2979 2616 2997 .
2706 2918 2847 3001 Sed
2899 2920 3089 2998 dixit
3123 2975 3150 3016 .,
3223 2920 3293 2997 se
3352 2918 3432 2996 in
3484 2944 3853 2997 armonem

646 3075 703 3119 „
742 3022 1082 3123 potentia
1130 3022 1466 3104 missum:
1522 3049 1681 3123 quae
1728 3020 1932 3123 signa
1985 3022 2213 3102 etiam
2266 3023 2728 3123 latronibus,
2795 3022 2870 3099 8(
2912 3021 3254 3126 tyrann-is
3307 3045 3458 3099 non
3505 3019 3766 3099 desunt
3811 3073 3842 3097 .

638 3175 703 3220 „
757 3124 855 3200 Ei
909 3124 1132 3200 etiam
1191 3151 1342 3210 non
1386 3125 1627 3224 aliqui
1681 3125 2038 3225 sapientes
2091 3123 2171 3203 in
2222 3131 2436 3204 rebus
2487 3125 2766 3204 divinis
2797 3179 2831 3221 ,
2875 3125 2954 3203 8(
3004 3124 3095 3202 de
3147 3120 3422 3202 divinis
3465 3123 3545 3201 8(
3595 3123 3857 3199 huma-

638 3277 704 3323 „
752 3224 867 3303 nis
919 3224 1343 3323 exercitati,
1393 3251 1437 3301 a
1487 3225 1860 3324 principio
1908 3227 2414 3320 crediderunt3
2467 3227 2587 3306 sed
2636 3226 2955 3308 homines
3006 3222 3372 3327 bestiales,
3425 3224 3505 3302 in
3557 3223 3851 3303 desertis

645 3379 702 3424 ‚,
753 3342 1131 3404 morantes
1161 3382 1188 3423 ,
1242 3327 1487 3405 omnis
1539 3324 1883 3405 doetrinae
1933 3326 2203 3405 divinae
2255 3329 2539 3427 prorsus
2587 3330 2614 3406 i
2671 3329 2887 3406 nari:
2960 3353 3091 3428 per
3133 3353 3456 3430 wquorum
3507 3326 3854 3404 multitu-

640 3481 702 3526 „
753 3428 1005 3531 dinem
1047 3427 1287 3524 alios,
1337 3454 1703 3504 armorum
1756 3425 2122 3507 violentia
2155 3483 2185 3525 ,
2237 3429 2319 3506 in
2371 3430 2572 3507 suam
2656 3453 2870 3530 egem
2923 3431 3171 3529 coegit
3221 3486 3240 3505 .
3324 3428 3559 3510 Nulla
3611 3429 3846 3506 etiam

638 3585 697 3628 „
749 3528 1023 3608 divina
1073 3528 1359 3607 oracula
1438 3529 2008 3627 praecedentium
2054 3529 2590 3627 'Prophetarum
2662 3532 2730 3609 ei
2802 3530 3305 3619 testimonium
3381 3530 3764 3630 perhibent
3813 3557 3839 3610 :

635 3685 698 3729 „
749 3631 930 3731 quin
982 3631 1223 3732 potius
1272 3630 1471 3732 quasi
1524 3632 1779 3711 omnia
1833 3632 2127 3711 Veteris
2178 3632 2252 3710 8(
2309 3633 2517 3712 Novi
2574 3634 3028 3712 Testamenti
3079 3634 3524 3713 documenta
3560 3690 3587 3731 ,
3623 3630 3843 3732 sahu-

637 3786 697 3832 ‚,
743 3733 896 3832 losa
942 3734 1406 3834 narratione,
1458 3736 1856 3834 depravat,
1910 3751 1995 3813 ut
2044 3751 2244 3835 patet
2294 3731 2446 3835 eius
2497 3734 2738 3838 legem
2794 3735 3210 3836 inspicienti
3239 3793 3262 3812 .
3337 3738 3558 3814 Unde
3612 3728 3876 3830 astuto?

557 3877 560 3881 Δ
636 3889 697 3933 „
747 3833 1029 3937 constlio
1060 3892 1090 3934 ,
1141 3837 1371 3915 libros
1426 3835 1694 3915 veteris
1743 3838 1818 3914 8(
1871 3835 2048 3915 novi
2105 3833 2580 3926 Testamenti,
2633 3841 2772 3917 suis
2829 3838 3247 3941 sequacibus
3318 3865 3472 3917 non
3537 3835 3845 3938 reliquit

633 3990 693 4034 9,
741 3936 1134 4038 legendos,
1186 3962 1281 4016 ne
1336 3962 1467 4038 per
1516 3917 1641 4019 etis
1694 3936 2022 4018 falsitatis
2076 3961 2540 4039 argueretur.
2599 3933 2648 3971 ’”’
2698 3944 2952 4038 Opera
3004 3941 3298 4042 perlege
3336 3996 3363 4035 ,
3436 3963 3595 4037 quae
3664 3963 3839 4017 con-

638 4056 753 4116 tra
807 4040 1267 4119 Alcoranum
1322 4041 1694 4139 plurima,
1747 4067 1831 4119 ac
1884 4039 2296 4122 solidiffima
2350 4041 2733 4141 prodiere:
2805 4068 2964 4141 quae
3023 4043 3190 4120 Viri
3244 4038 3630 4118 dostiffimi
3685 4065 3840 4116 am-

644 4140 772 4236 plo
822 4143 1112 4220 versant
1162 4142 1475 4248 traciam
1527 4161 2002 4241 argumenta,
2051 4145 2143 4221 ad
2197 4144 2349 4221 haec
2401 4144 2495 4221 ab
2553 4143 2926 4244 Aquinate
2977 4137 3338 4243 proposita
3410 4142 3654 4243 capita
3723 4165 3838 4220 re-

636 4240 801 4338 digi
855 4244 1154 4341 omnia,
1205 4244 1501 4343 proprio
1554 4246 2064 4344 experimento
2114 4245 2515 4324 constabit.
3046 4343 3052 4349 .

749 4343 927 4457 Pari·
968 4346 1415 4423 convellitur
1466 4345 1836 4425 rationum
1886 4346 2148 4446 vigore
2200 4347 2554 4446 Religio,
2605 4361 2732 4425 aut
2784 4343 3188 4446 superstitio
3239 4345 3577 4444 gentium
3606 4400 3625 4422 ·.
3682 4347 3840 4425 To-

594 4455 715 4521 ssta
768 4443 1119 4522 innititur
1171 4447 1512 4543 incertis,
1565 4449 1639 4526 8(
1692 4447 2069 4527 fallacibus
2121 4449 2516 4528 hominum
2571 4448 3084 4527 traditionibus
3127 4477 3143 4525 ε
3215 4474 3400 4549 quas
3480 4453 3575 4526 ab
3617 4448 3842 4547 igno-

633 4546 917 4643 rantia,
967 4564 1093 4624 aut
1144 4573 1430 4645 errore,
1482 4568 1611 4627 au‘t
1664 4575 1883 4650 prava
1936 4548 2327 4630 affeffione
2375 4551 2669 4647 animi,
2747 4569 2876 4629 aut
2940 4549 3192 4628 ‘fraude
3265 4551 3581 4652 doloque
3633 4551 3841 4628 inve·

552 4673 555 4684 ·
630 4645 837 4745 θεις,
889 4649 1185 4749 probari
1238 4650 1309 4727 8(
1363 4651 1605 4730 evinci
1656 4651 1890 4753 ‘potest
1937 4710 1955 4729 .
2065 4653 2274 4733 Vitia
2331 4655 2772 4754 probantur,
2823 4678 2908 4733 ac
2960 4654 3445 4753 turpitudines
3499 4654 3575 4731 in
3630 4652 3839 4732 disci-

638 4752 847 4852 plina
899 4776 1235 4830 morum:
1292 4755 1688 4852 eademque
1739 4756 1867 4834 vel*
1918 4755 2079 4855 ipsis
2132 4755 2558 4835 hominibus
2612 4756 2959 4857 indigna,
3034 4759 3200 4835 Deo
3278 4755 3585 4855 Diisque
3637 4751 3838 4832 attri-

635 4854 1000 4933 buuntur.
1057 4853 1403 4932 Numina
1458 4855 1784 4954 suprema
1838 4858 2094 4957 plura,
2146 4875 2367 4959 atque
2422 4857 2613 4937 inter
2690 4860 2759 4937 se
2790 4857 3106 4938 -adversa
3172 4857 3759 4958 multiplicantur
3809 4880 3831 4931 :

632 4982 723 5036 ac
776 4958 1064 5039 debitus
1116 4957 1247 5035 uni
1302 4959 1469 5036 Deo
1521 4957 1760 5036 cultus
1806 4960 2236 5040 transfertur
2283 4960 2367 5042 in
2426 4961 2805 5060 homines,
2857 4963 2938 5042 in
2980 4959 3269 5054 fidera,
3317 4956 3401 5035 in
3440 4959 3830 5049 elementa,
3901 5031 3902 5034 i

620 5057 721 5144 “in
765 5060 950 5148 vilia
1002 5078 1275 5151 natum
1318 5060 1402 5150 8<
1448 5060 1847 5150 hommum
1897 5086 2116 5168 opera
2134 5122 2152 5147 .
2206 5067 2734 5249 DequedDeo,
2776 5062 3075 5166 eiufique
3124 5057 3537 5159 attributis,
3586 5056 3637 5133 fi
3663 5076 3831 5170 quqe

2622 5192 2668 5248 2.
3638 5180 3829 5238 verl-
