4597 5696
833 456 956 528 264

812 561 914 641 est
964 561 1364 663 aliquando
1415 586 1675 641 verum
1730 561 1970 641 dicere
2004 616 2033 658 ,
2084 588 2238 640 non
2292 563 2390 640 es-

818 666 891 743 se
940 722 958 742 .
1032 666 1300 765 Quod-
1335 664 1562 764 igitur
1629 689 2034 765 numquam
2114 663 2389 743 desinet

825 769 1017 863 effe,
1070 792 1205 846 nec
1260 770 1399 845 effe
1454 768 1852 868 aliquando
1905 766 2252 865 incipiet.

935 896 1002 948 2.
1057 868 1324 950 Adhuc
1359 926 1379 946 .
1461 870 1754 948 Veritas
1811 867 2396 966 intelligibilium

1451 447 1587 512 nr:
1649 444 2231 512 vanu-arr.
2290 445 3015 520 CATHochE
3075 427 3391 523 mosi

2492 565 2629 642 effe
2707 564 3166 648 immortales
3221 622 3246 665 ,
3296 563 3578 645 scilicet
3645 568 4053 666 Platonici,

2492 662 2886 767 posuerunt
2951 668 3234 747 easdem
3303 669 3397 745 ab
3471 687 3737 748 aeterno
3790 669 3993 748 fuisse
4024 727 4053 766 ‚

2499 768 2573 846 8(
2591 794 2783 848 nunc
2808 771 3108 871 quidem
3146 769 3570 871 corporibus
3596 772 3790 849 uniri
3818 827 3843 867 ‚
3860 797 4055 850 nunc

2498 887 2745 948 autern
2787 895 2983 952 acor
3032 874 3278 952 oribus
3300 872 3583 950 absolvi
3614 928 3639 968 ,
3693 872 3797 970 (a)
3847 874 4067 951 acvi·.

823 969 1010 1051 ficut
1066 969 1163 1050 est
1199 971 1825 1070 incorruptibilis,
1879 970 1982 1049 ita
2035 981 2397 1069 quantum
2495 972 2904 1052 ciffitudine
2986 976 3351 1053 ecundum
3406 973 3886 1053 determinata
3937 1000 4062 1053 an·

827 1073 926 1152 est
978 1076 1068 1153 de
1123 1073 1191 1150 se
1240 1128 1265 1168 ‚
1346 1073 1446 1153 est
1501 1075 1725 1153 etiam
1782 1090 2050 1151 aeterna
2101 1127 2128 1169 ,
2178 1071 2275 1150 est
2328 1097 2398 1148 e-

825 1175 990 1253 nim
1042 1176 1427 1254 neceffaria
1458 1233 1478 1253 .
1554 1178 1808 1254 Omne
1860 1189 2108 1253 autem
2163 1172 2394 1255 neces-

825 1276 1093 1355 sarium
1150 1275 1247 1355 est
1301 1298 1653 1357 aeternum
1698 1304 1714 1350 ε
1782 1275 1957 1376 quia
2025 1278 2222 1377 quod
2273 1302 2393 1355 ne-

824 1382 1013 1482 cess'e
1068 1379 1168 1457 est
1198 1383 1385 1474 esse,
1441 1377 1873 1479 impossibile
1909 1375 2008 1456 est
2036 1404 2184 1456 non
2219 1381 2396 1456 effe.

2497 1099 2762 1154 norum
2815 1076 3175 1158 curricula
3227 1076 3606 1155 observata
3633 1132 3650 1153 .

2599 1178 2755 1278 Qui
2810 1203 2985 1256 vero
3037 1179 3433 1279 posuerunt
3473 1178 3757 1260 animas
3809 1178 4057 1256 huma·

2495 1303 2623 1358 nas
2698 1280 2835 1357 esse
2910 1278 3365 1359 immortales
3438 1277 3829 1357 secundum
3934 1279 4063 1358 ali-

2500 1380 2959 1479 quid,unum
3012 1382 3210 1482 quod
3276 1406 3368 1458 ex
3420 1381 3775 1460 omnibus
3818 1381 4058 1458 horni-

819 1483 942 1560 Ex
999 1481 1697 1583 incorruptibilitate
1765 1497 2013 1558 autem
2066 1479 2396 1560 veritatis
2499 1482 2712 1561 nibus
2766 1502 3020 1563 manet
3058 1483 3212 1582 post
3248 1503 3611 1577 mortem,
3664 1480 4056 1582 posuerunt

823 1581 1326 1682 intelligibilis
1376 1637 1404 1679 ,
1494 1581 1890 1662 ostenditur
1966 1579 2214 1659 anima
2294 1583 2389 1659 se-

820 1686 1147 1763 cundum
1197 1686 1339 1763 effe
1392 1682 2010 1783 incorruptibilis.
2065 1682 2229 1762 Pari
2281 1707 2387 1761 er-

817 1808 923 1885 go
977 1786 1263 1864 ratione
1333 1812 1425 1865 ex
1501 1784 1653 1882 ejus
1703 1785 2105 1863 aeternitate
2158 1785 2389 1887 potest

810 1888 1109 1987 probari
1169 1886 1430 1994 anim4ae
1485 1886 1897 1967 aeternitas.

883 2016 986 2090 ·3.
1044 1990 1392 2089 Amplius
1434 2046 1454 2066 .
1537 1989 1727 2068 Illud
1779 2013 1962 2065 non.
2001 1985 2102 2065 est
2155 1987 2383 2089 perfe-

813 2086 1019 2170 &um
1090 2091 1211 2170 cui
1284 2091 1614 2192 plurimae
1692 2089 1982 2168 suarum
2057 2093 2380 2190 partium

819 2192 1349 2292 principalium
1441 2192 1697 2271 desunt
1738 2246 1756 2266 .
1849 2194 2055 2270 Patet
2134 2210 2383 2271 autem

872 2293 1264 2393 rincipales
1319 2312 1554 2393 partes
1616 2292 1924 2372 universi
1980 2292 2119 2370 effe
2174 2294 2383 2374 intel-

848 2391 1165 2475 eeiuales
1217 2392 1636 2474 substantias
1689 2450 1717 2488 ‚
1769 2396 1847 2472 in
1896 2418 2206 2492 quarum
2262 2420 2383 2495 ge-

809 2519 988 2574 nere
1029 2495 1387 2575 ostensum
1426 2495 1525 2576 est
1556 2496 1764 2597 supra
1814 2496 2016 2595 (cap.
2035 2494 2383 2594 lxvru.)

811 2598 953 2676 effe
1007 2599 1291 2679 animas
1343 2598 1695 2679 humanas
1719 2653 1739 2673 .
1794 2599 1871 2677 Si
1927 2598 2157 2696 igitur
2205 2622 2382 2698 quo-

809 2698 997 2779 tidie
1071 2702 1161 2780 de
1233 2727 1434 2782 novo
1504 2717 1619 2780 tot
1669 2697 1970 2807 ‘animae
2044 2698 2382 2780 humanae

806 2803 951 2882 esse
1003 2801 1408 2904 incipiant,
1459 2819 1644 2904 quot
1687 2801 2023 2882 homines
2077 2802 2376 2883 nascun-

799 2919 924 2984 tur
979 2959 1005 3002 ‚
1074 2924 1275 3007 patet
1341 2903 1673 3021 quotidie
1743 2904 2081 2983 universo
2156 2905 2373 3003 pluri-

801 3031 964 3086 mas
1014 3008 1534 3108 principalium
1571 3004 1855 3089 suarum
1910 3005 2229 3104 partium
2255 3008 2374 3084 ad·

798 3109 881 3189 di
933 3164 960 3204 ,
1011 3109 1086 3188 8(
1137 3107 1493 3210 plurimas
1549 3105 1620 3184 ei
1673 3105 1906 3184 deesse
1951 3107 2374 3203 :Sequitur

801 3209 1035 3310 igitur
1082 3265 1109 3306 ‚
1167 3204 1585 3289 universum
1639 3208 1778 3286 effe
1829 3204 2369 3308 imperfeRum3

801 3314 1006 3414 quod
1058 3311 1157 3391 est
1210 3310 1697 3413 impossibile.

911 3444 984 3514 4.
1043 3416 1309 3494 Adhuc
1345 3472 1364 3491 .
1449 3415 1702 3493 Etiam
1778 3412 2077 3514 quidam
2163 3437 2368 3513 argu·

801 3534 1230 3597 mentantur
1282 3541 1372 3596 ex
1426 3515 1870 3596 authoritate
1924 3514 2148 3611 sacrae·
2188 3515 2371 3593 Scri-

802 3637 1091 3716 pturae:
1164 3619 1435 3697 dicitur
1504 3617 1710 3694 enim
1788 3619 1976 3695 Gen.
2043 3643 2100 3692 1.
2174 3617 2373 3715 quod

805 3723 1011 3796 Deus
1099 3718 1218 3796 die
1308 3716 1623 3817 septimo
1708 3718 2116 3813 complevit
2186 3742 2371 3815 opus

802 3818 1012 3896 suum
1064 3821 1259 3917 quod
1315 3818 1580 3897 fecerat
1627 3871 1654 3912 ‚
1733 3818 1805 3895 8<
1857 3818 2222 3919 requievit
2272 3822 2366 3897 ab

798 3919 1009 4000 omni
1062 3945 1282 4020 opere
1336 3922 1531 4020 quod
1585 3937 1902 4020 patrarat
1940 3976 1956 3993 .
2024 3923 2188 3998 Hoc
2242 3946 2360 3998 au·

805 4041 959 4100 tem
1013 4049 1164 4101 non
1216 4025 1387 4101 esset
1437 4078 1463 4118 ‚
1522 4022 1567 4099 st
1627 4022 1957 4121 quotidie
2013 4047 2239 4099 novas
2290 4048 2363 4098 a·

793 4150 1035 4203 ninias
1113 4124 1380 4205 faceret
1416 4181 1435 4200 .
1531 4126 1712 4202 Non
1798 4123 2022 4223 igitur
2096 4123 2360 4201 animm

795 4223 1132 4303 humanae
1207 4229 1343 4305 esse
1416 4226 1839 4325 incipiunt,
1908 4225 2024 4302 sed
2075 4249 2117 4302 a
2170 4226 2363 4326 prin·

802 4325 1006 4423 cipio
1059 4328 1312 4405 mundi
1368 4325 1694 4405 fuerunt.

902 4427 1204 4524 Propter
1257 4430 1383 4506 has
1433 4446 1679 4506 autem
1737 4481 1760 4523 ,
1814 4426 1886 4505 8(
1939 4426 2205 4505 ssmiles
2258 4453 2360 4505 ra·

801 4523 1044 4605 tiones
1123 4528 1425 4626 quidam
1529 4529 2014 4609 aeternitatem
2104 4529 2362 4607 mundi

773 4644 778 4647 ’
800 4646 1154 4729 ponentes
1191 4629 1527 4708 dixerunt
1550 4659 1571 4719 ς
1597 4631 1926 4709 animam
1964 4632 2360 4709 humanam

799 4728 981 4808 ficut
1034 4729 1132 4806 est
1193 4729 1819 4830 incorruptibilis,
1875 4734 1978 4812 ita
2005 4732 2232 4810 etiam
2273 4735 2361 4812 ¹&

799 4838 894 4910 ab
953 4850 1222 4915 aeterno
1253 4829 1491 4937 fuiss'e:
1547 4834 1739 4910 unde
1784 4835 1910 4934 qui
1953 4833 2366 4933 posuerunt,

800 4934 1089 5013 animas
1161 4933 1514 5013 humanas
1590 4933 1671 5011 in
1727 4933 1846 5013 sua
1899 4937 2374 5016 multitudine

2491 1580 2635 1662 hoc
2704 1584 2941 1684 ipsum
3010 1609 3238 1666 unum
3314 1585 3409 1661 ab
3462 1600 3732 1663 aeterno
3776 1581 4053 1680 'fuiffe‚

2488 1682 2637 1782 five
2689 1686 2828 1766 hoc
2881 1682 2966 1767 fit
3018 1684 3428 1766 intelleRus
3460 1709 3681 1784 agens
3733 1701 4053 1779 tantum,

2491 1804 2574 1865 ut
2624 1787 2862 1887 posuit
2934 1789 3415 1878 Alexander3
3486 1786 3640 1866 five
3703 1811 3876 1866 cum
3950 1810 4048 1865 eo

2487 1888 2714 1967 etiam
2772 1889 3182 1972 intellec‘ius
3233 1888 3623 1990 possibilis,
3676 1904 3758 1967 ut
3811 1886 4050 1989 posuit

2488 1995 2894 2072 Averroes.
2955 1996 3125 2073 Hoc
3176 1993 3404 2071 etiarn
3455 1991 3799 2069 videntur
3849 1987 4048 2068 sona·

2487 2117 2564 2169 re
2616 2092 2687 2172 8<
2747 2093 3156 2175 Aristotelis
3210 2095 3432 2173 verba
3468 2119 3500 2168 .·
3568 2116 3746 2170 nam
3795 2093 3886 2169 de
3936 2092 4050 2169 in·

2485 2191 2779 2274 telle-&u
2831 2195 3137 2298 loquens
3186 2249 3212 2291 ‚
3283 2194 3464 2274 dicit
3515 2193 3542 2290 (
3607 2197 3744 2271 111.
3797 2194 3885 2271 de
3942 2197 4045 2272 A·

2484 2296 2690 2373 nima
2742 2313 2913 2376 text.
2951 2322 3222 2377 comm.
3277 2295 3547 2391 xxxx.)
3597 2294 3832 2394 ipsum
3886 2319 4041 2370 non

2484 2396 2719 2474 solum
2756 2396 3390 2498 incorruptibilem
3408 2448 3436 2492 ,
3488 2394 3606 2473 sed
3634 2396 3864 2473 etiam
3883 2417 4043 2497 per·

2481 2514 2786 2598 petuum
2841 2500 3019 2577 effe.

2587 2598 2914 2693 Quidam
2976 2625 3156 2678 vero
3204 2653 3232 2695 ‚
3300 2595 3743 2677 catholicam
3814 2597 4047 2675 fidem

2485 2697 2907 2800 profitentes
2930 2735 2985 2795 ·,
3058 2700 3606 2781 Platonicorum
3682 2694 4044 2776 doeirinis

2478 2801 2748 2882 imbuti
2800 2858 2827 2899 ‚
2914 2804 3115 2897 viam
3202 2802 3526 2880 mediam
3606 2815 4040 2877 tenuerunt.

2477 2905 2684 3003 Quia
2734 2905 2938 2983 enim
2992 2904 3387 2985 secundum
3458 2900 3678 2979 fidem
3731 2899 4039 2980 catholi-

2476 3031 2642 3085 cam
2699 3006 2887 3084 nihil
2941 3005 3041 3084 est
3067 3025 3417 3085 aeternum
3448 3018 3703 3103 praeter
3760 3006 4037 3095 Deum3

2475 3106 2832 3186 humanas
2885 3108 3187 3209 quidem
3222 3107 3504 3184 animas
3556 3123 3855 3183 aeternas
3882 3129 4036 3182 non

2468 3209 2902 3311 posuerunt3
2955 3209 3072 3287 sed
3123 3234 3243 3287 eas
3286 3234 3464 3287 cum
3517 3206 3836 3299 mundo,
3887 3203 4034 3283 five

2469 3311 2711 3412 potius
2763 3327 2931 3389 ante
2985 3313 3342 3389 mundum
3423 3303 3788 3387 visibilem
3837 3329 4034 3384 crea·

2473 3433 2581 3491 tas
2635 3413 2775 3489 ess'e
2806 3467 2833 3507 ,
2883 3413 2955 3491 8<
3012 3432 3262 3492 tamen
3315 3436 3433 3489 eas
3483 3410 3573 3486 de
3625 3432 3825 3485 novo
3875 3430 4034 3486 cor-

2473 3513 2767 3614 poribus
2822 3514 3103 3613 alligari
3144 3571 3164 3591 .
3243 3515 3493 3614 Quam
3547 3509 3848 3608 quidem
3903 3535 4031 3609 po-

2473 3615 2808 3694 fitionem
2846 3616 3122 3715 primus
3176 3614 3365 3692 inter
3396 3611 3820 3723 christianae.
3849 3607 4021 3688 fidei

2472 3715 2896 3817 professores
2937 3718 3299 3815 Origenes
3350 3715 3378 3813 (
3407 3719 3457 3791 1.
3483 3714 3644 3790 Lib.
3666 3711 4024 3789 Periarch.

2462 3844 2619 3918 cap.
2672 3844 2844 3897 v11.
2897 3817 2971 3895 8(
3022 3818 3217 3917 seqq.
3272 3818 3300 3912 )
3367 3813 3667 3914 posuisse
3739 3810 4029 3888 inveni-

2466 3939 2585 4000 tur
2633 3973 2661 4015 ,
2729 3920 2802 3997 8(
2873 3917 3027 4019 post
3094 3942 3279 3995 eumw
3341 3914 3580 4014 plures
3632 3909 3871 4010 ipsum
3926 3913 4029 3990 se-

2465 4038 2769 4120 quentes
2808 4048 2825 4097 τ
2900 4045 3058 4119 quae
3111 4017 3414 4120 quidem
3486 4014 3747 4115 opinio
3799 4013 4023 4113 usque

2464 4122 2683 4209 hodie
2754 4124 2939 4223 apud
3015 4120 3387 4199 haereticos
3454 4133 3771 4194 manet:
3846 4140 4024 4213 quo·

2464 4250 2630 4301 rum
2689 4224 3265 4310 Manicha‘ieas
3318 4220 3546 4299 etiarn
3600 4237 3894 4295 aeternas
3924 4213 4028 4292 as-

2464 4326 2704 4403 serunt
2754 4350 2926 4402 cum
2983 4324 3285 4404 Platone
3337 4376 3365 4414 ‚
3433 4321 3507 4400 8<
3559 4343 3677 4399 eas
3727 4318 3815 4397 de
3869 4340 4025 4397 cor·

2466 4451 2640 4528 pore
2693 4429 2783 4505 ad
2836 4451 3099 4525 corpus
3155 4423 3486 4505 transire.

2571 4529 2711 4607 Sed
2761 4529 2850 4606 de
2903 4526 3104 4605 facili
3158 4524 3432 4605 ostendi
3486 4519 3719 4625 potest
3751 4576 3778 4616 ‚
3854 4537 4025 4618 prae·

2463 4630 2708 4709 missas
2779 4627 3167 4729 positiones
3259 4653 3412 4704 non
3490 4628 3629 4703 esse
3713 4624 4024 4700 veritate

2468 4732 2803 4811 subnixas
2850 4787 2867 4807 .
2945 4729 3422 4830 Quod-enim
3498 4753 3649 4804 non
3705 4727 3787 4805 fit
3840 4747 4026 4802 unus

2469 4834 2808 4912 omnium
2861 4830 3279 4911 intelleRus
3329 4829 3684 4929 possibilis,
3711 4884 3739 4924 ‚
3790 4847 4027 4925 neque

2475 4961 2696 5037 agens
2746 4990 2773 5032 ‚
2850 4934 2999 5033 jam
3055 4933 3262 5034 supra
3312 4933 3340 5029 (
3391 4956 3547 5031 cap.
3602 4932 3901 5108 lxxltu.
3952 4925 4037 5123 &l

3766 5053 3978 5110 xxvi.

811 5128 3899 5168 wm-

1232 5180 1262 5187 „
1475 5172 3411 5196 “ww
3446 5173 3479 5181 ,-

813 5174 1001 5263 —7ns
1033 5178 1695 5258 rnrd‘husssc'fffitudine
1711 5236 1730 5259 .

3766 5169 3882 5191 α
