4597 5696
700 521 779 599 8(
826 513 1186 600 voluntas
1217 516 1386 599 sunt
1431 513 1728 614 aqualis
1758 513 2267 618 finiplicitatis,

700 623 876 722 quia
927 640 1321 720 utrumque
1372 616 1625 701 divina
1674 615 1777 699 est
1830 617 2265 714 substantia,

699 742 786 803 ut
836 726 1228 824 probatum
1281 718 1380 801 est
1434 723 1463 821 (
1485 745 1641 820 cap.
1691 720 1840 802 xlv.
1894 718 2266 817 &lxx11.)

698 827 1123 908 Multitudo
1173 842 1422 907 autem
1491 821 2031 907 intellectorum
2109 844 2266 903 non

699 927 988 1013 inducit
1039 927 1592 1008 multitudinem
1658 926 1741 1009 in
1791 928 2092 1007 effentia
2159 926 2268 1005 di·-

702 1032 920 1125 vina,
973 1056 1212 1132 neque
1261 1025 1868 1132 compositionem
1922 1030 2001 1108 in
2054 1027 2268 1112 intel-

702 1132 899 1219 lectu
951 1133 1137 1232 ejus.
1197 1135 1398 1233 Ergo
1450 1158 1688 1233 neque
1716 1131 2115 1213 multitudo
2143 1160 2273 1213 vo-

702 1235 1012 1321 litorum
1065 1235 1352 1317 inducit
1419 1255 1547 1315 aut
1613 1233 2109 1315 diversitatem
2187 1236 2271 1318 in

699 1339 1004 1423 ess'entia
1053 1339 1309 1418 divina
1343 1392 1371 1436 ‚
1443 1353 1570 1419 aut
1655 1335 2269 1436 compositionem

700 1437 788 1521 in
838 1444 1221 1522 voluntate
1272 1498 1293 1518 .

811 1571 884 1641 4.
943 1544 1289 1646 Amplius
1324 1599 1346 1622 .
1414 1546 1586 1635 Hoc
1656 1542 1846 1621 inter
1917 1543 2277 1642 cognitio-

706 1667 884 1722 nem
936 1645 1010 1723 &
1064 1646 1468 1747 appetitum
1528 1643 1820 1723 interest
1889 1647 2087 1744 quod
2156 1671 2274 1724 co-

704 1745 955 1844 gnitio
1004 1747 1135 1843 fit,
1190 1748 1586 1830 secundum
1635 1748 1837 1849 quod
1885 1747 2274 1847 cognitum

704 1845 807 1924 est
860 1847 1113 1951 aliquo
1166 1852 1391 1929 modo
1441 1851 1520 1928 in
1569 1851 2099 1948 cognoscentet,
2149 1874 2276 1948 ap-

704 1950 973 2050 petitus
1025 1971 1274 2035 autem
1324 1979 1520 2048 non,
1574 1953 1692 2031 sed
1744 1978 1787 2030 e
1839 1970 2096 2031 contra
2170 1953 2268 2029 se-

699 2055 1024 2136 cundum
1091 2057 1290 2155 quod
1369 2055 1731 2171 appetitus
1804 2056 2109 2147 refertur
2174 2056 2267 2134 ad

696 2178 856 2233 rem
886 2158 1363 2256 appetibilem
1383 2212 1414 2252 ‚
1464 2172 1899 2255 inquantum
1920 2173 2272 2256 appetens

700 2246 962 2354 'quaerit
1030 2256 1110 2339 in
1180 2285 1331 2360 quo
1402 2258 1779 2358 quiescat:
1849 2258 1924 2336 8(
1977 2276 2273 2358 propter

695 2356 844 2438 hoc
877 2360 1205 2459 bonum,
1228 2360 1300 2439 8(
1336 2359 1663 2455 malum,
1697 2384 1853 2459 quae
1878 2359 2272 2459 respiciunt

696 2463 1151 2561 appetitum,
1205 2462 1369 2544 sunt
1419 2464 1499 2540 in
1551 2463 1806 2553 rebu53
1862 2488 2123 2541 verum
2147 2490 2269 2543 au-

696 2576 900 2658 tem,
950 2566 1024 2646 8(
1077 2564 1338 2646 falsum
1394 2590 1555 2665 quae
1600 2564 1993 2666 respiciunt
2018 2566 2268 2667 cogni·

695 2663 1035 2760 tionem,
1088 2668 1257 2746 sunt
1307 2669 1390 2748 in
1443 2684 1695 2748 mente
1729 2723 1755 2764 ,
1807 2684 1892 2746 ut
1943 2666 2273 2755 Philosm

694 2767 882 2869 plius
950 2769 1133 2851 dicit
1212 2770 1294 2850 in
1377 2773 1513 2854 vl.
1583 2768 1925 2871 Metaph.
2004 2768 2032 2868 (
2086 2786 2259 2850 text.

694 2895 977 2951 comm.
1025 2899 1251 2952 V111.
1305 2874 1337 2972 )
1387 2875 1614 2974 Quod
1663 2892 1915 2954 autem
1982 2871 2262 2974 aliquid

690 2975 787 3050 ad
860 2973 1094 3051 multa
1162 2975 1238 3054 se
1308 2975 1572 3055 habeat
1617 3030 1645 3071 ,
1697 3002 1852 3054 nori
1903 2995 2265 3075 repugnat

691 3072 1145 3172 simplicitati
1196 3075 1409 3174 ejus3
1477 3102 1652 3155 cum
1718 3078 1792 3156 8(
1864 3078 2105 3157 unitas
2174 3078 2263 3159 fit

698 3176 1110 3276 multorum
1197 3203 1671 3261 numerorum
1741 3179 2185 3281 principium
2236 3238 2257 3259 .

695 3277 1118 3361 Multitudo
1166 3281 1398 3384 igitur
1446 3280 1848 3364 volitorum
1914 3309 1961 3362 a
2012 3288 2179 3363 Deo
2228 3338 2258 3382 ‚

693 3405 847 3465 non
900 3402 1258 3486 repugnat
1309 3386 1466 3482 ejus
1517 3385 1963 3485 simplicitati
2006 3443 2028 3466 .

893 3502 949 3564 C
1034 3503 1097 3563 A
1187 3497 1234 3560 P
1319 3501 1378 3564 U
1468 3500 1531 3561 T
1657 3502 2036 3565 Lxxvm.

773 3583 951 3669 Quod
988 3582 1201 3646 divina
1240 3583 1507 3646 voluntas
1559 3582 1637 3644 ad
1679 3584 1992 3668 singularia
2027 3581 2179 3649 bona

1277 3663 1344 3742 fi
1383 3664 1626 3732 extendit
1641 3707 1661 3730 .
1701 3713 1706 3732 2

864 3787 930 3863 X
983 3811 1150 3887 quo·
1182 3785 1409 3862 etiam
1475 3800 1774 3886 apparet
1837 3787 2035 3886 quod
2098 3811 2256 3866 nori

909 3903 1199 3987 oportet
1253 3912 1387 3964 nos
1434 3889 1678 3966 dicere
1722 3943 1751 3984 ‚
1823 3891 1916 3965 ad
1966 3888 2247 3965 conser-

685 3992 1007 4069 vandam
1060 3987 1597 4087 simplicitatem
1626 3990 1999 4086 divinam,
2050 3989 2253 4090 quod

691 4089 876 4172 velit
928 4093 1076 4173 alia
1145 4091 1338 4170 bona
1391 4090 1471 4170 in
1575 4095 1835 4172 uadum
1905 4091 2250 4172 universi-

685 4209 892 4288 tate,
944 4196 1384 4298 inquantum
1435 4222 1536 4275 vu
1568 4214 1599 4276 t
1671 4195 1742 4273 se
1793 4197 1935 4275 effe
1987 4197 2252 4297 princi-

745 4294 902 4373 ium
955 4300 1323 4378 bonorum
1373 4323 1535 4397 quae
1587 4299 1876 4399 poffunt
1945 4303 2040 4377 ab
2094 4301 2253 4398 ipso

752 4421 946 4495 uere,
965 4425 1114 4478 non
1130 4420 1376 4480 autem
1395 4401 1579 4481 velit
1601 4427 1687 4480 ea
1713 4404 1795 4483 in
1812 4401 2261 4501 particulari.

805 4527 864 4580 1.
922 4505 1126 4582 Nam
1175 4506 1370 4582 velle
1439 4504 1539 4584 est
1593 4506 1985 4584 secundum
2054 4530 2253 4590 com-

739 4605 1148 4694 mationem
1197 4605 1516 4686 volentis
1566 4610 1656 4687 ad
1710 4633 1870 4686 rem
1915 4605 2254 4687 volitam.

773 4731 876 4784 ori
927 4725 1178 4787 autem
1232 4708 1570 4808 prohibet
1657 4711 1916 4789 divina
1985 4710 2252 4811 simpli-

694 4807 878 4889 citas
929 4811 1119 4909 *quin
1172 4811 1385 4911 poffit
1434 4811 1840 4907 comparari
1891 4814 2120 4893 etiam
2170 4814 2266 4893 ad

690 4911 928 5010 multa
968 4912 1469 5014 particularia:
1523 4909 1790 4989 dicitur
1834 4913 2262 5011 enimDeus

688 5014 1109 5120 optimum,
1158 5018 1278 5100 vel
1306 5016 1636 5124 primum
1682 5012 1912 5096 etiam
1933 5015 2262 5121 respeeiu

1326 397 1471 473 DE
1530 399 2119 468 VERITATE
2178 396 2907 467 CATHoLiCAE
2964 397 3276 474 FLDEI

2368 513 2879 616 singularium.
2938 520 3143 618 Ergo
3195 517 3748 622 suafimplicitas
3768 548 3937 604 non

2365 619 2706 719 prohibet
2755 618 2939 721 quin
2992 622 3071 700 in
3124 620 3420 722 speciali
3459 681 3489 723 ,
3536 624 3657 703 vel
3707 627 3929 727 parti-2

2367 720 2598 802 culm-i
2646 721 2791 802 alia
2836 748 2885 803 a
2937 722 3007 801 se
3059 725 3295 804 velit„
3928 770 3935 773 ’

2474 850 2541 903 2..
2615 827 2863 904 Item.
2958 825 3321 907 Voluntas
3403 828 3549 907 Dei
3625 832 3715 910 ad
3778 830 3948 910 alia,
4022 886 4031 893 -

2378 943 2842 1027 comparatur
2878 928 3313 1029 inquantum
3343 932 3752 1011 bonitatem
3773 957 3928 1033 par-

2369 1026 2682 1128 ticipant
2731 1055 2824 1111 ex
2871 1032 3126 1121 ordine
3204 1034 3295 1113 ad
3366 1033 3773 1113 bonitatem
3822 1036 3929 1114 di-

2372 1128 2627 1209 vinam
2646 1185 2674 1229 ‚
2725 1157 2887 1233 quae
2939 1132 3037 1211 est
3089 1134 3280 1212 ratio
3334 1136 3632 1214 volendi
3690 1139 3855 1216 Deo
3904 1193 3933 1215 .

2372 1233 2515 1311 Sed
2563 1259 2717 1314 non
2771 1234 3007 1315 solum
3058 1236 3485 1318 universitas
3538 1239 3933 1333 bonorum,

2373 1333 2496 1413 sed
2578 1336 2653 1416 8(
2724 1334 3089 1438 singulum
3161 1365 3426 1419 eorum
3501 1366 3545 1417 a
3599 1341 3935 1420 bonitate

2367 1437 2623 1519 divina
2691 1440 3100 1520 bonitatem
3168 1442 3459 1522 sortitur
3512 1495 3539 1536 ‚
3609 1441 3790 1522 sieut
3855 1444 3935 1523 8(

2378 1541 2557 1620 elle.
2615 1541 3252 1644 Voluntas-igitur
3309 1543 3454 1624 Dei
3511 1545 3604 1624 ad
3655 1544 3938 1645 lingula

2378 1642 2741 1723 bonorum
2792 1645 2861 1722 se
2913 1647 3278 1727 extendit.

2485 1773 2550 1846 3.
2617 1747 2953 1849 Amplius
3006 1806 3027 1827 .
3116 1751 3533 1829 Secundum
3613 1747 3937 1830 Philoso-

2374 1846 2605 1946 phum
2652 1848 2743 1929 in
2795 1851 3333 1952 x11.Metaph.
3390 1852 3606 1948 (text.
3660 1859 3945 1933 comm-³

2370 1949 2442 2026 11
2464 1949 2555 2047 1.)
2576 1950 2841 2050 duplex
2893 1955 3174 2031 bonum
3226 1952 3504 2033 ordinis
3556 1953 3938 2035 invenitur

2370 2050 2452 2131 in
2476 2053 2854 2131 universo:
2910 2081 3141 2134 unum
3161 2056 3503 2156 quidem,
3542 2054 3938 2136 secundum

2374 2155 2573 2252 quod
2624 2172 2875 2237 totum
2920 2158 3341 2237 universum
3417 2156 3791 2238 ordinatur
3841 2159 3936 2238 ad

2371 2254 2451 2334 id
2513 2259 2713 2356 quod
2781 2257 2881 2336 est
2950 2276 3151 2339 extra
3217 2256 3639 2339 universum
3675 2258 3936 2357 ‚sicut

2372 2360 2730 2439 exercitus
2779 2362 3155 2439 ordinatur
3205 2361 3296 2438 ad
3347 2361 3655 2449 ducem3
3706 2362 3934 2458 aliud,

2374 2458 2772 2540 secundum
2824 2464 3021 2563 quod
3073 2480 3308 2561 partes
3375 2461 3685 2541 univerfi
3740 2462 3931 2542 ordi·

2368 2578 2637 2643 riantur
2702 2566 2794 2642 ad
2862 2565 3189 2643 invicem
3216 2617 3245 2658 ‚
3315 2563 3492 2646 sicut
3570 2566 3643 2643 8(
3695 2586 3935 2666 partes

2368 2666 2725 2744 exercitus
2773 2668 2865 2742 ad
2917 2666 3245 2745 invicem
3277 2722 3297 2743 .
3378 2669 3744 2748 Secundus
3806 2694 3933 2746 au-

2364 2778 2520 2847 te'm
2571 2771 2754 2848 ordo
2803 2767 2899 2845 est
2953 2785 3247 2869 propter
3296 2767 3672 2867 primum:
3725 2775 3934 2853 Deux

2361 2889 2609 2949 autem
2634 2898 2723 2951 ex
2751 2869 2893 2950 hoc
2917 2873 3115 2972 quod
3161 2869 3326 2949 vult
3376 2869 3446 2946 se
3478 2893 3557 2952 ut
3600 2872 3765 2953 finis
3796 2874 3931 2971 est,

2362 2971 2529 3053 vult
2579 2974 2724 3051 alia
2775 2999 2934 3072 quae
2958 2974 3387 3051 ordinantur
3438 2973 3516 3051 in
3569 2975 3808 3074 ipsum
3843 2994 3930 3058 ut

2364 3074 2444 3151 in
2496 3074 2775 3169 finem,
2829 3074 3006 3154 licut
3055 3076 3445 3175 probatum
3519 3075 3619 3154 est
3687 3079 3715 3178 (
3765 3105 3924 3180 cap.

2360 3176 2555 3255 lxxv.
2609 3177 2640 3274 )
2713 3176 2902 3258 Vult
2977 3176 3206 3275 igitur
3296 3178 3577 3258 bonum
3650 3183 3928 3261 ordinis

2360 3280 2629 3374 totius,
2678 3279 2752 3357 8(
2802 3278 3113 3359 univerli
3186 3279 3267 3358 in
3339 3278 3619 3379 ipsum,
3668 3283 3741 3363 8(
3795 3286 3923 3363 bo·

2281 3437 2286 3444 ‚
2355 3407 2539 3470 num
2589 3383 2869 3462 ordinis
2918 3382 3234 3460 universi
3305 3380 3706 3462 secundum
3764 3411 3929 3485 par·

2357 3505 2465 3565 tes
2520 3485 2677 3565 suas
2725 3488 2815 3565 ad
2868 3486 3192 3565 invicem
3216 3540 3237 3561 .
3325 3487 3617 3562 Bonum
3669 3505 3920 3566 autem

2354 3588 2635 3667 ordinis
2706 3587 3025 3666 consistit
3092 3611 3181 3664 ex
3252 3583 3549 3680 lingulis
3633 3586 3845 3663 bonis
3893 3640 3917 3664 .

2356 3691 2546 3768 Vult
2617 3689 2845 3787 igitur
2893 3688 3119 3765 etiam
3172 3684 3446 3782 lingula
3500 3684 3690 3760 bona
3741 3741 3762 3761 .

2454 3817 2528 3884 4.
2581 3793 2965 3867 Praeterea.
3020 3787 3096 3863 Si
3144 3790 3341 3864 Deus
3393 3812 3543 3864 non
3593 3785 3759 3866 vult
3785 3788 3914 3870 fin-

2353 3890 2530 3990 gula
2582 3892 2777 3969 bona
2830 3915 2923 3967 ex
2970 3885 3243 3986 quibus
3296 3888 3577 3986 constat
3626 3891 3920 3974 univer.

2366 3992 2567 4087 sum,
2621 3991 2941 4091 sequitur
2992 3988 3191 4088 quod
3238 3988 3321 4067 in
3370 3991 3710 4071 universo
3760 3992 3845 4077 fit
3872 4023 3918 4075 a

2355 4095 2519 4175 casu
2589 4093 2865 4173 ordinis
2940 4092 3282 4171 bonum:
3354 4119 3506 4172 non
3558 4096 3759 4174 enini
3810 4098 3917 4180 est

2353 4197 2684 4299 postibile
2766 4196 2964 4295 quod
3047 4194 3295 4292 aliqua
3372 4221 3531 4298 pars
3599 4200 3915 4282 univerli

2353 4299 2607 4378 omnia
2660 4296 3127 4399 particularia
3179 4299 3369 4376 bona
3407 4320 3805 4401 componat
3835 4305 3914 4385 in

2357 4400 2696 4480 ordinem
2746 4398 3057 4479 univerli
3102 4455 3129 4494 .‚
3182 4400 3302 4477 sed
3354 4399 3502 4479 sola
3553 4404 3914 4486 universa-

2357 4503 2449 4583 lis
2501 4503 2708 4582 causa
2759 4503 2985 4582 totius
3036 4501 3349 4581 universi
3382 4557 3411 4598 ‚
3482 4530 3643 4606 quai
3718 4513 3919 4590 Deus

2358 4603 2508 4704 est,
2558 4606 2685 4704 qui
2740 4630 2869 4706 per
2920 4604 3122 4682 suam
3174 4604 3635 4686 voluntatem
3684 4611 3843 4709 agit
3893 4664 3923 4708 ,

2357 4726 2442 4786 ut
2492 4708 2680 4786 infra
2731 4707 2943 4805 (Lib.
3000 4710 3095 4785 ΙΙ.
3147 4732 3305 4806 cap.
3334 4709 3659 4805 xxiii.)
3690 4712 3922 4791 osten·

2364 4811 2609 4889 detur.
2665 4811 2894 4912 Quod
2943 4829 3190 4888 autem
3240 4812 3424 4889 ordo
3470 4812 3783 4891 universi
3841 4812 3947 4928 fig

2362 4911 2706 5008 casualis,
2756 4912 2856 4990 est
2909 4911 3391 5011 impoffibile‚
3442 4915 3617 5014 quia
3685 4917 3930 5016 seque-

2363 5037 2563 5102 retur
2626 5018 2826 5121 quod
2894 5017 3137 5098 multo
3202 5012 3443 5118 magis
3504 5015 3651 5132 alia
3698 5014 3929 5130 polte-

3790 5140 3941 5200 rio·
